1754 2964
587 188 952 234 LACHETEM.
1420 192 1468 232 13

92 323 162 353 res
203 313 248 351 et
289 312 425 354 ,antea
448 303 504 348 de
537 303 818 362 ὁπλομαχίας
842 305 987 362 pretio
1020 319 1099 348 suo
1131 304 1317 361 quisque
1337 304 1468 348 modo

97 365 305 410 dixerunt
334 361 613 427 sententiam.

208 432 294 476 His
333 425 494 475 auditis
524 429 840 488 Lysimachus:
902 428 996 472 Cur
1034 429 1171 488 igitur
1199 445 1294 486 vos,
1327 446 1353 472 o
1384 429 1467 473 Ni-

95 491 164 534 cia
193 488 246 534 et*
265 487 458 543 Laches,
493 503 594 531 cum
625 486 808 531 Socrate
840 502 891 530 ea
922 487 976 530 de
1007 502 1055 530 re
1097 486 1326 544 disputare
1359 502 1468 530 eun-

95 544 301 592 etamini?
360 544 448 589 Cui
486 545 665 589 Nicias:
710 560 800 587 non
841 544 984 600 nosti,
1026 561 1052 588 0
1083 543 1222 599 bone,
1270 543 1468 588 Socratis

93 618 280 659 morem,
320 603 398 660 qui
427 603 467 646 si
509 617 638 659 quem
667 607 824 645 nactus
855 607 924 645 est
963 601 1326 660 respondentem,
1369 617 1468 644 eum

92 659 214 707 had
238 659 369 704 facile
399 658 602 714 dimittit,
644 658 724 702 sed
764 658 833 702 vel
862 659 1049 702 invitum
1077 659 1261 702 retinet:
1294 674 1467 701 verum·

92 725 238 773 tanuen
269 717 480 774 quoniam
511 716 727 760 eiusmodi
757 731 980 759 sermones
1013 732 1103 759 non
1135 722 1241 759 sunt
1269 715 1465 771 inutiles,

92 773 298 833 equidem
335 774 423 818 tibi
470 773 673 817 lubenter
719 789 884 816 morem
944 788 1107 831 geram.
1174 773 1238 816 Et
1290 772 1466 816 Laches

89 836 267 890 §doque
308 846 356 876 se
392 836 595 890 paratum
640 830 836 875 ostendit
876 830 934 873 ad
976 830 1298 874 instituendum
1330 830 1466 872 collo-

155 889 261 945 ‘um,
293 903 561 946 quamquam
592 904 744 932 eorum
773 893 948 930 tantum
979 903 1202 931 sermones
1233 902 1280 931 se
1310 888 1466 930 luben-

207 945 361 990 audire
401 946 614 1000 affirmat,
648 961 833 1001 quorum
870 945 1009 987 oratio
1041 960 1141 988 cum
1170 945 1268 1002 ipsa
1300 945 1391 988 vita
1421 951 1466 987 et

88 1003 219 1047 factis
259 1003 477 1047 concinat.
566 1003 629 1045 Et
683 1000 986 1045 fortitudinem
1036 1002 1215 1058 quidem
1266 1001 1465 1047 Socratis

90 1060 176 1104 sibi
204 1060 308 1115 olim
337 1059 446 1104 satis
476 1075 498 1104 s
532 1064 721 1102 ectatam
753 1074 850 1102 esse
883 1059 968 1110 ait;
1000 1059 1087 1101 iam
1117 1059 1156 1101 si
1187 1057 1306 1100 idem
1335 1058 1466 1100 etiam

88 1117 245 1177 palere
281 1115 460 1160 dicendi
520 1116 757 1159 acultatem
799 1115 859 1157 sit
896 1121 1162 1158 consecutus
1177 1147 1189 1169 ,
1218 1113 1328 1157 nihil
1359 1129 1464 1157 sane

86 1172 340 1236 prohibere,
373 1172 610 1229 quominus
640 1188 742 1216 cum
773 1188 825 1215 eo
853 1171 1124 1228 suscipiatur
1143 1171 1388 1228 disputatio
1407 1172 1463 1228 ²⁸¹).

203 1245 365 1308 Itaque
403 1245 640 1305 Socrates,
683 1246 890 1303 quoniam
921 1245 1218 1302 Lysimachus
1248 1251 1292 1288 et
1320 1245 1463 1288 Mele-

89 1304 178 1348 εἰει
215 1303 332 1348 seire
368 1303 573 1361 cupiant,
616 1318 704 1360 qua
743 1303 911 1346 ratione
942 1302 1133 1346 filiorum
1163 1318 1343 1346 suorum
1371 1303 1464 1345 ani-

89 1361 174 1405 mis
202 1359 344 1406 virtus
374 1360 651 1415 concilietur,
683 1366 785 1403 ante
821 1360 968 1403 omnia
997 1359 1108 1403 illud
1139 1359 1464 1418 dispiciendum

88 1417 357 1477 arbitratur,
398 1416 610 1474 quidnam
647 1417 728 1472 sit,
772 1417 818 1460 in
860 1433 949 1474 quo
987 1417 1128 1460 virtus
1172 1417 1461 1474 contineatur.

90 1473 372 1533 Quamquam
401 1490 498 1519 eam
527 1474 828 1531 quaestionem
841 1507 854 1530 ,
896 1475 1002 1531 quia
1027 1475 1086 1518 sit
1116 1475 1300 1532 amplior
1331 1490 1463 1530 quam

91 1546 206 1590 quae
234 1547 353 1577 nunc
379 1533 640 1591 pertractari
671 1538 820 1589 queat,
861 1532 908 1574 in
937 1532 1161 1589 praesenti
1190 1532 1368 1576 missam
1397 1533 1462 1574 fa·-

93 1589 172 1648 eit,
200 1590 335 1648 inque
373 1605 427 1634 eo
457 1589 787 1634 subsistendum
829 1596 982 1633 censet
1019 1605 1139 1644 esse,
1169 1595 1220 1632 ut
1251 1588 1305 1632 de
1335 1595 1462 1646 parte

8 1698 16 1704 ,
89 1645 267 1691 virtutis
306 1662 386 1703 ea,
427 1646 486 1690 ad
526 1661 659 1703 quam
695 1662 828 1690 unam
857 1661 928 1690 ars
958 1662 1176 1690 armorum
1206 1645 1462 1690 tractando-

0 2665 9 2787 ἰ

0 2791 14 2964 Ι

88 1718 188 1748 mm
223 1705 412 1749 maxime
452 1705 699 1762 pertineat,
742 1704 829 1749 hoc
861 1710 930 1750 est
970 1704 1025 1748 de
1053 1703 1337 1758 fortitudine,
1383 1719 1460 1747 an-

88 1761 292 1818 quitantur
319 1762 404 1818 **).

203 1834 459 1893 Interrogat
491 1836 631 1894 igitur
667 1834 936 1890 Lachetem,
981 1850 1172 1891 quanam
1209 1850 1256 1877 re
1286 1835 1462 1877 fortitu-

87 1890 242 1950 dinem
271 1893 490 1936 contineri
529 1893 764 1935 existimet.
823 1891 1083 1957 Respondet
1121 1891 1194 1934 ille
1239 1891 1461 1933 tortitudi-

91 1951 194 2000 nem
222 1948 394 1990 censeri
422 1961 492 2002 eo,
523 1954 575 1990 ut
605 1948 704 2004 quis
734 1949 886 2001 aciem,
917 1962 964 1990 in
995 1962 1083 2002 qua
1113 1947 1167 1990 ab
1197 1948 1462 2004 imperatore

91 2001 337 2048 collocatus
369 2003 440 2058 sit,
471 2019 562 2055 non
593 2003 768 2047 deserat
801 2009 844 2046 et
872 2003 1065 2046 hostium
1101 2003 1314 2059 impetum
1345 2005 1462 2048 bono

92 2058 477 2104 animosustineat
503 2075 587 2104 nec
615 2075 722 2118 prae
747 2066 867 2102 metu
884 2060 1074 2118 turpiter
1094 2060 1308 2118 aufugiat,
1339 2061 1462 2105 ideo-

122 2131 180 2162 ue
215 2117 410 2184 positam
450 2131 547 2161 esse
586 2117 684 2160 vult
722 2117 766 2159 in
797 2117 926 2162 animi
954 2117 1204 2174 praesentia
1232 2117 1275 2159 in
1307 2118 1461 2162 defen-

92 2131 251 2226 dendis
278 2173 680 2232 propulsandisque
707 2174 941 2218 hostilibus
960 2174 1319 2232 aggressionibus
1339 2176 1463 2232 (mi-

94 2228 393 2276 litarische
443 2231 778 2287 Bravour).⁴
825 2230 960 2286 Quod
998 2247 1103 2275 sane
1153 2231 1284 2275 decet
1323 2233 1462 2289 impe-

0 2296 11 2327 ι·
91 2287 275 2354 tatoris,
305 2289 447 2346 qualis
483 2289 567 2332 fuit
592 2288 783 2344 Laches,
808 2288 1044 2347 ingenium.
1105 2287 1197 2333 Sed
1227 2304 1322 2332 eam
1353 2289 1462 2333 defi-

94 2344 308 2388 nrtionem
359 2345 568 2391 Socrates
628 2345 826 2388 ostendit
889 2346 1018 2389 nimis
1068 2352 1299 2404 angustam
1347 2362 1460 2404 esse,

95 2414 233 2458 quum
270 2402 402 2446 etiam
439 2409 508 2446 ter
570 2419 612 2446 m
652 2402 924 2446 vertentibus
954 2403 1086 2446 liceat
1130 2403 1305 2446 fortiter
1335 2404 1461 2448 dimi-

95 2470 212 2516 care,
243 2459 379 2503 sicuti
408 2459 467 2504 Sc
500 2465 518 2503 t
550 2475 600 2503 ae
630 2465 676 2502 et
715 2459 1061 2504 Lacedaemonii
1088 2461 1267 2504 faciant.
1327 2461 1460 2505 Prae-

94 2520 218 2574 terea
255 2530 303 2561 se
334 2531 441 2560 non.
485 2532 509 2560 e
547 2516 706 2561 bellica
742 2523 916 2561 tantum
944 2517 1205 2562 fortitudine
1236 2518 1298 2562 ait
1327 2533 1460 2574 quae-

166 2718 202 2760 “)
225 2718 269 2752 Ρ.
299 2717 373 2754 184.
399 2718 441 2752 Ε.
467 2738 511 2743 —
536 2717 615 2753 189.
642 2721 688 2752 A.

149 2765 202 2805 ⁸⁸)
226 2764 256 2798 P
285 2763 360 2801 ¹89.
390 2765 428 2798 B.
462 2783 499 2789 ——
531 2764 606 2800 ¹90.
633 2765 673 2797 C.
