1742 2970
337 212 414 252 194
725 200 1207 246 PROLEGOMENA
1242 200 1296 242 ad

336 327 529 379 guarent.
597 318 816 361 Fecerunt
854 317 1058 363 hosvin'
1099 316 1264 370 eximii,
1307 314 1685 359 Schleiorma-

336 379 536 420 cherus
567 375 608 430 *)
660 381 704 417 et
755 368 1067 428 Astius**)‚
1115 373 1188 428 qui
1226 387 1359 428 quum
1387 371 1586 416 Platonis
1616 386 1683 413 ar-

335 442 424 476 tem
466 438 509 474 et
549 431 833 475 subtilitatem
876 431 920 472 in
961 445 1012 472 eo
1044 428 1434 483 desideravissent‚
1477 426 1686 485 plurimos

336 503 498 532 naevos
529 488 599 530 vel
628 488 672 529 in
700 487 830 530 rebus
862 486 918 528 ad
948 485 1170 529 historiam
1190 484 1512 542 pertinentibus
1542 483 1614 529 vel
1638 484 1685 526 in

339 544 670 603 argumentandi
691 544 859 586 ratione
878 543 961 599 ‘vel
989 543 1034 584 in
1062 557 1205 584 rerum
1234 541 1495 584 tractatione
1525 545 1578 589 et
1598 539 1689 583 dis-

335 601 574 658 putationis
613 601 789 642 materia
829 598 1152 656 deprehendere
1184 598 1267 641 sibi
1305 598 1387 640 visi
1417 602 1531 642 sunt.
1588 597 1685 640 Nec

336 666 480 701 tamen
512 657 651 699 defuit
681 657 755 711 qui
785 655 981 698 desertae
1019 655 1282 710 relictaeque
1313 669 1480 697 causae.
1499 654 1688 710 patroci-

337 715 455 756 nium
507 713 761 768 susoiperet.
844 712 1026 754 Exstitit
1073 712 1187 753 enim
1230 710 1376 767 paullo
1427 716 1528 767 post
1579 710 1686 753 Ios.

337 770 630 815 Socherus
662 770 765 824 ***)‚
796 769 869 823 qui
903 769 985 810 etsi
1016 768 1188 824 singula
1217 766 1509 809 accusationis
1542 766 1688 822 capita

336 842 425 869 non
456 832 524 868 est
543 832 848 881 persequutus⁷
881 831 1024 866 tamen
1056 824 1204 866 subtili
1226 823 1522 879 disputatione
1541 829 1688 865 osten-

338 883 424 935 dit,
466 896 552 937 qua
592 882 758 923 ratione
796 880 907 922 fides
944 881 1043 922 libri
1082 880 1126 921 in
1163 895 1363 936 magnam
1393 879 1687 935 suspicionem

338 937 519 981 adducti
549 937 782 979 sustentari
811 945 973 992 posset.
1043 937 1112 978 Ac
1141 936 1328 991 fatemur
1355 935 1482 979 nobis
1513 935 1688 991 quidem

338 1009 511 1037 causam
535 992 673 1034 videri
695 991 887 1034 nondum
908 992 963 1034 ad
983 991 1197 1047 liquidum
1219 1007 1313 1035 esse
1331 991 1584 1048 perductam
1595 993 1689 1048 pla·

337 1065 478 1106 neque
504 1049 796 1092 diiudicatam.
858 1048 1078 1102 Quocirca
1107 1063 1199 1090 eam
1225 1047 1367 1091 denuo
1397 1048 1478 1099 sub
1509 1063 1689 1091 examen

337 1121 493 1149 vocare
523 1105 689 1162 placuit
718 1115 848 1160 atque
879 1105 1088 1161 experiri,
1121 1120 1223 1146 num
1254 1105 1363 1146 torte
1395 1104 1688 1148 dubitationes

338 1169 382 1205 et
411 1163 731 1206 controversiae
775 1162 830 1204 ab
861 1161 1127 1204 acutissimis
1157 1159 1582 1211 hominihus112motae
1612 1162 1691 1203 ali—

338 1235 423 1274 quo
453 1217 584 1260 modo
617 1220 818 1273 componi
849 1224 1035 1273 possent
1067 1218 1133 1272 ἦ).

450 1275 587 1316 Plura
627 1280 769 1316 autem
812 1289 973 1330 genera
1004 1281 1106 1316 sunt
1134 1280 1499 1330 argumentorum,
1531 1274 1690 1329 quibus

338 1331 489 1387 scripti
530 1330 713 1373 alicuius
760 1330 974 1372 Platonici
1021 1331 1260 1372 auctoritas
1308 1329 1483 1372 defendi
1534 1332 1687 1386 possit.

336 1388 533 1430 Primum
576 1386 689 1428 enim
728 1386 870 1443 ipsum
925 1386 1132 1441 loquendi
1172 1401 1310 1443 genus
1357 1386 1688 1434 examinandum

336 1450 428 1498 est,
474 1443 517 1484 in
549 1457 635 1497 quo
668 1443 703 1484 si
737 1442 843 1498 quid
875 1442 1254 1498 deprehendatur,
1288 1442 1407 1498 quod
1439 1443 1506 1486 vel
1536 1443 1590 1486 ab
1620 1444 1689 1500 ip-

336 1499 426 1542 sius
468 1499 696 1554 scriptoris
735 1499 1052 1549 consuetudine
1096 1498 1272 1541 recedat
1307 1499 1380 1541 vel
1420 1512 1475 1546 ea‘
1515 1505 1689 1555 aetate,

335 1565 422 1611 qua?
461 1555 597 1597 literis
639 1555 943 1612 consignatum
991 1570 1087 1598 esse
1135 1556 1295 1609 fertur,
1343 1554 1573 1622 indignum
1617 1557 1688 1612 sit,

333 1627 460 1654 nemo
491 1611 654 1653 infitias
683 1611 763 1654 ibit
790 1612 927 1655 iustas
957 1613 1096 1653 teneri
1126 1612 1264 1654 malae
1295 1611 1555 1678 suspicionis
1586 1617 1688 1657 cau-

334 1683 404 1711 sas
441 1673 485 1710 et
521 1667 723 1709 rationes.
792 1667 966 1710 Deinde
1008 1667 1061 1710 de
1092 1669 1221 1711 rebus
1253 1667 1308 1710 ad
1338 1668 1561 1715 historiam
1589 1685 1688 1728 pei-⁵-
1713 1699 1715 1702 -

281 1723 296 1736 ‘
333 1724 575 1767 tinentibus
613 1723 852 1766 videndum
894 1731 974 1766 est.
1033 1725 1150 1767 Nam
1181 1725 1217 1767 si
1247 1724 1354 1780 quid
1382 1730 1558 1780 praeter
1585 1737 1687 1768 cau-

335 1796 427 1823 sam
455 1780 656 1824 idoneam
686 1779 754 1822 vel
784 1781 829 1822 in
859 1781 986 1823 factis
1020 1787 1063 1823 et
1088 1781 1219 1823 rebus
1248 1781 1383 1838 gestis
1402 1781 1474 1823 vel
1504 1782 1549 1824 in
1573 1787 1687 1825 ‘tem-

315 1848 489 1892 porum
530 1836 771 1879 rationibus
816 1837 1025 1893 scriptum
1065 1849 1131 1880 est
1169 1839 1319 1882 contra
1358 1843 1519 1883 certam
1549 1838 1687 1882 histo-

331 1894 421 1935 riae
449 1892 608 1944 fidem3
641 1892 677 1934 si
709 1892 814 1947 quid
845 1893 946 1935 sine
966 1893 1183 1949 probabili
1213 1894 1356 1949 aliqua
1375 1894 1544 1937 ratione
1563 1896 1689 1938 aliter

331 1955 463 2004 atque
503 1949 608 1991 alias
650 1948 704 1990 ab
749 1949 899 1991 eodem
932 1950 1144 2006 scriptore
1183 1950 1436 2006 exponitur3
1477 1951 1514 1995 si
1534 1952 1687 2007 *philo-

332 2006 471 2062 sopho
531 2005 662 2047 lacita
692 2010 736 2046 et
763 2005 936 2047 decreta
974 2007 1247 2060 tribuuntur,
1281 2021 1390 2062 quae
1420 2008 1685 2064 cum-'ipsius

331 2062 499 2104 sentien
533 2062 547 2102 i
585 2061 893 2117 cogitandique
924 2063 1092 2104 ratione
1124 2061 1407 2115 dissentiant3
1445 2065 1686 2107 certissima

330 2118 528 2173 profecto
568 2117 823 2160 habebimus
859 2118 1023 2160 fraudis
1055 2118 1336 2174 documenta,
1377 2121 1594 2174 quaevel,
1617 2122 1683 2163 in-

331 2172 508 2216 doctum
554 2178 781 2226 moveant,
823 2179 872 2215 ut
899 2174 1120 2231 vulgarem
1161 2174 1214 2216 de
1243 2174 1349 2218 libri
1378 2181 1556 2222 auctore
1588 2179 1683 2236 opi—

403 2373 434 2412 *)
469 2372 559 2414 Opp.
587 2373 675 2406 Plat.
703 2370 795 2408 11.'3.
824 2386 856 2415 p.
884 2374 951 2410 295
976 2387 1052 2418 sqq.
1078 2381 1112 2408 et
1137 2378 1173 2408 in
1197 2382 1353 2412 annotat..

376 2439 430 2492 *ἢ
461 2440 517 2472 De
541 2441 627 2472 Vita
651 2446 684 2472 et
708 2441 856 2482 Scriptis
883 2443 1021 2475 Pla-ton.
1047 2455 1082 2485 p.
1107 2443 1174 2479 435
1201 2456 1275 2486 sqq.

350 2501 428 2542 ³⁸⁴⁸)
453 2500 509 2533 De
537 2500 686 2543 Scriptis
712 2503 850 2535 Platon.
877 2515 909 2546 p.
941 2505 1004 2538 112
1029 2516 1101 2547 sqq.

396 2562 432 2604 †)
462 2563 560 2594 Idem
584 2569 706 2604 postea
728 2564 886 2597 fecerunt
916 2567 1020 2598 etiam
1048 2566 1141 2599 Car.
1167 2568 1231 2600 Fr.
1262 2569 1491 2601 Hermann.
1540 2569 1674 2602 Hister.

440 2650 443 2653 ⁸
464 2606 600 2640 Philos.
627 2609 766 2642 Platon.
792 2611 821 2643 I.
849 2622 882 2652 p.
905 2611 973 2646 439
998 2623 1069 2654 sqq.
1099 2612 1137 2645 C.
1164 2614 1395 2656 Steinhart
1420 2613 1509 2656 Opp.
1534 2614 1674 2647 Platon.

461 2653 507 2685 ab
534 2653 657 2686 Hier.
683 2655 882 2688 Miillero
919 2655 1036 2690 Germ.
1063 2658 1202 2692 Transl.
1229 2660 1309 2692 Vol.
1332 2659 1359 2691 1.
1385 2669 1419 2701 p.
1454 2659 1515 2694 135
1541 2671 1614 2703 sqq.
1641 2666 1675 2692 et

462 2699 533 2778 {301}
564 2699 706 2732 Munk.
739 2700 807 2733 Die
838 2702 965 2735 natiirl.
1000 2703 1172 2746 Ordnung
1209 2706 1270 2738 der
1305 2706 1412 2738 plats
1434 2705 1609 2748 Dialogen
1641 2717 1673 2748 p.

507 2755 528 2780 o
553 2754 625 2787 sqq.
1560 2770 1568 2772 ,
