1754 2964
1084 31 1100 40 m

339 171 358 210 1
370 170 418 210 18
732 165 1221 210 PROLEGOMENA
1255 165 1310 208 ad

339 295 516 323 suasum
558 294 678 334 eum,
725 280 801 335 qui
844 280 1006 324 bonum
1027 285 1088 323 ‚et
1123 279 1356 322 honestum
1394 280 1691 338 cognovisset,

338 337 467 379 etiam
498 336 628 379 animi
668 336 1020 393 perturbationes
1051 341 1354 392 superaturum
1395 341 1440 379 et
1478 335 1694 396 σώφρονα

337 393 529 435 futurum
573 407 682 435 esse.
743 391 962 447 Quocirca
999 390 1331 449 Xenophon.
1373 392 1559 436 Memor.
1600 392 1689 448 ΠΙ,

339 451 381 504 9,
411 451 454 492 4.
494 449 888 507 προςερωτώμενος
916 453 991 497 δὲ,
1039 454 1076 492 εὶ
1118 451 1225 499 τους
1263 454 1583 506 ἐπισταμένους
1616 454 1699 506 μὲν

337 504 368 547 οἳ
398 508 464 549 δεῖ
493 504 725 562 πράττειν,
763 507 1004 561 ποιοῦντας
1033 507 1080 549 δὲ
1111 505 1348 561 τάναντία,
1386 504 1618 564 σοφούς
1643 523 1698 550 τε

339 567 414 605 καὶ
444 567 742 620 ἐγκρατεῖς
771 563 884 606 εἶναι
913 562 1104 617 νομίζοι,
1139 562 1281 606 Οὐδέν
1310 579 1358 618 γε
1379 564 1567 619 μᾶλλον,
1598 564 1699 622 ἔφη,

337 616 367 670 ἦ
407 616 616 678 ἀσόφους
653 636 699 662 τε
740 621 814 663 καὶ
852 618 1152 675 ἀκρατεῖς·
1201 617 1374 670 πάντας
1421 617 1506 678 γὰρ
1554 618 1698 675 οἶμαι,

338 680 721 732 προαιρουμένους
761 681 808 718 ὲκ
847 677 936 718 τῶν
973 677 1296 731 ἐνδεχομένων,
1325 674 1356 718 οἳ
1385 675 1556 718 οἴονται
1586 691 1699 725 συμ-

340 729 584 789 φορώτατα
613 732 764 783 αὐτοῖς
794 732 928 778 εἶναι..
959 733 1098 774 ταῦτα
1127 732 1357 786 πράττειν,
1386 747 1474 788 quo
1502 732 1602 776 loco
1628 732 1696 775 di-

338 789 524 845 ligenter
558 795 624 831 est
663 788 982 832 observandum
1028 787 1255 832 Socratem
1278 789 1466 832 >bonum
1502 789 1556 832 ab
1600 789 1698 832 utili

338 862 427 888 non
456 845 711 899 seiunxisse,
744 845 797 887 de
829 861 915 900 quo
945 844 1026 886 viri
1047 845 1209 901 placito
1233 844 1472 902 prudenter
1490 845 1699 903 exposuit

340 900 615 945 Staudliu.
647 900 995 943 Geschichte
1025 900 1695 959 derMoral-phil.oso.phie

338 974 381 1014 p.
413 959 468 1000 84
498 972 593 1012 sqq.
652 958 803 1013 Atque
843 957 951 999 haec
982 959 1204 1011 quum-ita
1232 973 1279 1001 se
1308 958 1518 1014 habeant,
1558 959 1696 1001 nemi-

340 1030 437 1056 nem
466 1020 671 1069 putamus
702 1013 1000 1056 dubitaturum
1028 1028 1138 1068 esse,
1158 1014 1263 1069 quin
1289 1014 1418 1057 etiam
1447 1014 1589 1057 altera.
1609 1029 1699 1058 ser·

340 1071 481 1113 monis
512 1086 637 1127 pars,
680 1086 766 1126 qua
796 1070 980 1112 scientia
1009 1069 1065 1112 ad
1094 1071 1302 1113 virtutem
1330 1071 1580 1114 necessaria
1609 1070 1699 1114 dis·

343 1133 567 1183 ceptatur,
611 1127 794 1169 maxime
827 1126 889 1168 ad‘
914 1142 1080 1170 errores
1111 1126 1417 1185 coarguendos
1447 1133 1701 1185 comparata

342 1184 423 1235 sit,
463 1184 568 1225 licet
597 1182 783 1226 subinde
810 1198 937 1225 verae
967 1183 1146 1226 rationis
1175 1183 1365 1241 vestigia
1393 1190 1700 1230 monstrentur.

454 1238 716 1294 Quanquam
756 1246 899 1282 autem
930 1239 1090 1282 Critias
1122 1239 1277 1283 erroris
1317 1240 1490 1297 culpam
1515 1242 1700 1285 sustinet

342 1311 537 1349 omnem,
569 1302 713 1338 tamen
745 1295 951 1339 Socrates
983 1296 1161 1353 egregia
1189 1311 1288 1339 cum
1316 1297 1563 1341 urbanitate
1593 1313 1698 1341 suae

341 1353 480 1409 ipsius
519 1352 698 1394 inertiae
739 1351 915 1406 tribuit,
956 1351 1074 1407 quod
1113 1353 1428 1410 temperantiae
1478 1354 1702 1398 notionem

341 1425 430 1452 non
468 1409 691 1466 potuerint
731 1408 951 1465 indagare.
1033 1410 1234 1465 Accepta
1279 1410 1393 1452 enim
1433 1407 1597 1454 Critiae
1635 1426 1703 1454 re·-

340 1467 599 1522 sponsione:
629 1465 750 1522 Ergo
780 1481 870 1507 non
897 1465 1058 1508 frustra
1087 1465 1289 1522 equidem
1318 1466 1516 1522 verebar,
1543 1467 1702 1523 inquit,

342 1537 397 1564 ne
427 1538 508 1579 ego
537 1536 691 1578 parum
722 1521 875 1564 sollers
896 1536 1036 1565 essem
1064 1521 1217 1565 harum
1235 1537 1378 1565 rerum
1397 1522 1701 1582 investigator.

341 1577 502 1633 Neque
542 1578 657 1621 enim
694 1577 780 1620 iam
817 1577 886 1632 id,
929 1578 1047 1634 quod
1087 1579 1302 1621 communi
1341 1579 1564 1624 hominum
1595 1595 1699 1624 con-

343 1635 545 1678 sensione
585 1650 665 1690 pro
703 1635 820 1677 bono
850 1634 1056 1690 habetur,
1088 1634 1310 1678 videretur
1338 1635 1516 1691 inutile,
1547 1636 1586 1680 si
1612 1635 1701 1681 dis-

343 1690 517 1734 serendi
555 1691 720 1747 peritus
758 1705 910 1734 essem.
979 1690 1070 1735 Sed
1115 1691 1316 1734 nimirum
1367 1699 1465 1735 non
1517 1693 1705 1751 contigit

342 1748 469 1790 nobis
499 1747 810 1803 temperantiae
832 1754 1030 1790 naturam
1060 1748 1268 1802 invenire,
1298 1748 1404 1790 licet
1422 1749 1559 1792 multa
1587 1765 1703 1792 sum-

343 1804 525 1847 serimus
566 1810 610 1846 et
647 1804 1015 1858 concesserimus,
1058 1819 1170 1859 quae
1209 1805 1440 1859 quominus
1478 1811 1703 1862 tamquam

341 1875 444 1903 vera
465 1866 741 1917 ponerentur,
765 1860 956 1902 rationes
974 1867 1148 1903 nostrae
1167 1861 1471 1918 prohibebant.
1533 1860 1702 1916 Quam-

343 1933 472 1972 quam
502 1917 617 1959 enim
648 1915 871 1959 evidenter
899 1917 1139 1974 apparebat
1159 1932 1300 1973 neque
1330 1917 1553 1960 scientiam
1571 1918 1703 1970 ullam

342 1989 452 2028 esse,
483 1988 595 2028 quae
626 1972 680 2014 ad
710 1988 841 2015 unam
870 1973 1094 2016 scientiam
1122 1974 1372 2028 referretur,
1401 1980 1702 2033 neque‘mate-

287 2062 289 2064 ψ
341 2030 449 2072 riam
488 2029 751 2084 reliquarum
800 2029 957 2071 artium
1005 2030 1044 2072 ei
1099 2045 1192 2073 esse
1245 2030 1510 2084 subiectam,
1558 2037 1703 2076 tamen

343 2092 575 2140 utrumque
606 2085 667 2126 ita
697 2099 744 2127 se
774 2085 933 2128 habere
961 2087 1209 2141 posuimus,
1240 2091 1290 2127 ut
1318 2085 1485 2141 aliquid
1548 2087 1703 2131 rofice-

342 2155 500 2182 remus.
557 2140 722 2182 Verum
760 2155 861 2196 spes
900 2147 1052 2183 nostra
1080 2142 1203 2184 irrita
1231 2141 1337 2196 fuit,
1379 2102 1595 2198 siquidem
1625 2143 1703 2187 ad-

342 2196 427 2238 huc
457 2196 731 2253 ignoramus,
774 2196 880 2251 quid
920 2197 976 2239 sit
1004 2197 1137 2252 illud,
1176 2198 1221 2240 in'
1261 2212 1348 2253 quo
1378 2198 1444 2241 vis
1476 2205 1521 2242 et
1547 2206 1703 2244 natura

346 2252 656 2309 temperantiae
687 2259 893 2295 cernatur
922 2253 979 2308 ²⁸).

457 2308 570 2350 Tum
610 2324 710 2351 vero
749 2310 943 2351 oratione
982 2309 1039 2352 ad
1079 2308 1356 2355 Charmidem
1396 2327 1608 2355 conversa
1638 2312 1702 2355 ita

342 2364 488 2422 pergit
517 2363 680 2407 dicere:
720 2364 781 2407 Et
818 2381 957 2408 meam
1001 2365 1176 2421 quidem
1204 2367 1358 2422 vicem,
1390 2383 1416 2410 a
1445 2368 1587 2422 bone,
1618 2368 1699 2410 mi-

343 2435 424 2462 nus
466 2420 592 2462 doleo
632 2435 761 2475 quam
790 2426 932 2476 tuam,
976 2422 1051 2478 qui
1080 2437 1212 2477 quum
1242 2429 1365 2466 tanta
1404 2431 1449 2467 et
1485 2424 1617 2466 animi
1655 2431 1701 2466 et

353 2477 551 2533 corporis
589 2476 748 2519 virtute
788 2477 973 2535 insignis
1014 2478 1100 2532 sis,
1139 2484 1284 2522 tamen
1322 2495 1376 2521 ex
1415 2480 1702 2536 temperantia

344 2532 506 2577 nullam
546 2533 604 2575 sis
644 2540 930 2588 percepturus
977 2534 1220 2578 utilitatem.
1298 2535 1573 2591 Quamquam
1613 2551 1700 2579 non

414 2710 451 2753 ⁶)
479 2713 519 2744 P.
547 2713 626 2746 175.
656 2713 700 2743 A.
729 2730 771 2735 -
797 2713 842 2744 D.
