1754 2964
237 437 313 478 155
345 418 454 474 ἐγώ,
491 416 603 475 τάχα
641 417 684 461 δ’
725 416 783 461 ἄν
820 435 884 469 τις
920 420 1099 471 οἰηθείη
1134 413 1242 461 ἄλλο
1281 416 1415 468 εἶναι,

343 173 422 214 162
820 166 1207 210 PLATONIS

341 286 513 344 μάντις,
549 288 680 339 λέγει·
728 282 778 328 τὸ
815 282 901 341 γὰρ
939 286 1122 340 γνῶθι
1157 282 1368 335 σαυτόν
1404 281 1563 335 καὶτὸ
1602 300 1690 329 σω-

344 352 551 413 φρόνει
583 354 675 395 ἔστι
707 353 787 408 μὲν
824 349 1003 403 ταύτόν,
1040 349 1098 402 ὡς
1131 349 1186 394 τὰ
1222 347 1465 408 γράμματά
1492 354 1694 410 φησιικαὶ

1460 413 1484 460 ὃ
1529 415 1583 471 δή
1617 435 1696 474 μοι

345 489 523 531 δοκοῦσι
567 487 737 530 παθεῖν
785 487 857 527 καὶ
905 489 944 528 οἱ
994 482 1049 528 τὰ
1085 481 1272 539 ὕστερον
1305 483 1548 541 γράμματα
1582 482 1696 527 ἀνα-

346 557 525 605 θέντες,
564 551 614 595 τό
654 568 696 595 τε
732 553 911 607 μηδὲν
947 549 1092 605 ἄγαν
1128 554 1198 594 καὶ
1238 549 1286 595 τὸ
1323 548 1513 605 ὲγγύη,
1543 549 1695 609 πάρα

346 620 385 664 δ’
437 618 558 672 ἄτη.
605 621 678 662 καὶ
722 616 807 673 γὰρ
858 612 984 661 οὗτοι
1021 617 1271 675 ξυμβουλὴν
1316 616 1542 673 ᾠήθησαν
1585 616 1695 661 εἶναι

346 685 396 731 τὸ
435 689 540 743 γνῶ
556 689 622 729 θί
671 682 905 735 σαυτόν,
950 683 1051 728 ἀλλ’
1092 683 1145 728 οὐ
1184 687 1270 727 τῶν
1305 682 1525 736 εὶςιόντων
1557 687 1698 731 ἕνεκεν

345 752 432 798 ὑπὸ
468 755 547 802 τοῦ
584 754 700 796 θεοῦ
738 750 997 807 πρόςρησιν·
1037 750 1132 795 εἶθ’
1178 756 1250 794 ἴνα
1296 750 1350 804 δὴ
1374 754 1448 795 καὶ
1470 759 1594 811 σφεῖς
1617 768 1699 807 μη-

264 814 294 852 Ἶ
347 824 420 865 δὲν
473 814 611 883 ἧττον
661 816 912 872 συμβουλὰς
963 821 1203 875 χρησίμους
1255 818 1510 869 ἀναθεῖεν,
1555 819 1699 861 ταῦτα

346 884 602 946 γράψαντες
635 884 876 927 &vav-..som
923 879 976 928 οὗ
1012 882 1065 938 δὴ
1101 877 1182 929 οὗν
1217 888 1361 928 ἕνεκα
1374 887 1493 940 λέγω,
1523 877 1556 927 ὦ
1594 882 1700 927 Σώ-

348 969 516 1010 κρατες,
551 952 695 994 ταῦτα
731 949 893 1000 πάντα,
932 950 1025 994 τόδ’
1080 954 1182 994 ἐστί.
1228 948 1282 993 τὰ
1328 953 1408 1006 μὲν
1444 953 1701 1007 ἔμπροσθέν

351 1035 424 1064 σοι
461 1018 611 1062 πάντα
648 1016 835 1076 ἀφίημι·
889 1017 990 1069 ἰ’σως
1032 1020 1112 1073 μὲν
1146 1015 1232 1074 γάρ
1268 1034 1310 1060 τι
1347 1014 1400 1060 σὺ
1432 1019 1572 1069 ἔλεγες
1604 1020 1703 1073 περὶ

351 1085 501 1150 αὐτῶν
520 1082 790 1143 ὀρθότερον,
832 1083 933 1135 ἴσως
967 1083 1008 1128 6'
1049 1083 1153 1138 ἐγώ·
1191 1087 1330 1144 σαφὲς
1352 1082 1392 1127 δ’
1434 1083 1565 1129 οὐδὲν
1585 1083 1702 1128 πάνυ

507 1260 597 1295 ·.165
653 1258 805 1303 ἐγγύῃ,
847 1257 955 1300 πάρα
999 1255 1034 1289 δ’
1072 1255 1169 1300 ἄτη]
1209 1259 1247 1292 V.
1283 1258 1390 1303 ἐγγύα
1423 1264 1460 1294 et
1489 1259 1562 1294 ἄτα.
1596 1261 1701 1294 Coisl.

350 1310 431 1342 Vat.
443 1263 499 1340 ΡΘ.
524 1308 611 1341 Ven.
638 1306 677 1340 Ξ.
708 1306 784 1338 Par.
810 1303 1008 1338 GEBCF.
1046 1305 1147 1337 narb.
1175 1304 1271 1340 Vind
1305 1305 1396 1340 Flor.
1423 1307 1454 1339 b.
1479 1308 1500 1343 i.
1526 1318 1558 1341 o.
1585 1304 1702 1350 ἐγγύῃ.

351 1354 452 1387 Bodl.
478 1352 610 1396 ἐγγυιῆ.
660 1351 764 1385 {idem
793 1351 864 1383 fere
889 1348 949 1392 ἄτη
974 1360 1044 1391 pra
1038 1350 1149 1382 arment

446 1400 515 1431 ἵνα
540 1396 588 1440 δὴ
625 1397 692 1429 καὶ
726 1398 872 1452 σφεῖς]
910 1395 1009 1429 ssodl.
1045 1395 1100 1426 ι”να
1132 1395 1187 1427 καὶ
1214 1391 1321 1427 αυτὸει
1346 1395 1437 1438 φηῖε,
1462 1397 1553 1430 unde
1585 1397 1705 1431 Herm

355 1445 501 1480 effinxit:
545 1445 599 1476 ἵνα
631 1441 673 1486 δὴ
707 1443 761 1474 καὶ
798 1438 897 1474 αὐτοὶ
937 1441 1249 1482 ocpecs.videt·1r
1283 1436 1381 1474 αυτοὶ
1413 1442 1704 1487 interpretationis

354 1492 462 1534 gratia
488 1489 846 1531 fuisse-adscriptum.

402 1600 422 1645 ἢ
444 1599 672 1644 σωφρόνει,
690 1601 838 1642 φησίν]
856 1599 909 1633 Ne
924 1600 998 1642 quis

355 1647 542 1681 tollendum
570 1650 668 1690 putet
693 1647 809 1688 φησίν.
858 1646 998 1679 Centies

358 1694 445 1728 enim
464 1694 632 1735 reperitur
648 1692 732 1735 φησὶ
752 1697 787 1724 et
805 1691 873 1734 ἔφη
897 1701 998 1734 prae-

357 1738 503 1772 cedente
544 1737 651 1781 λέγειν
689 1742 724 1771 et
758 1737 864 1770 εἰπεῖν
896 1738 998 1769 itera-

355 1790 457 1826 tum,
499 1783 542 1818 de
573 1795 641 1827 quo
677 1784 837 1825 loquendi
872 1792 1000 1823 genere

356 1831 591 1873 exposuerunt
621 1830 682 1862 viri
713 1829 825 1862 docti*
844 1828 886 1861 ad
919 1830 999 1861 Xe-

356 1875 483 1918 noph.
517 1876 622 1908 Mem.
650 1876 680 1916 l,
714 1875 755 1915 6,
786 1873 818 1908 4.
856 1874 998 1906 Hieron.

355 1922 442 1961 Vll,
480 1923 508 1955 1.
541 1922 673 1954 Oecon.
706 1921 773 1962 lV,
805 1919 864 1954 23.
887 1919 998 1959 xvn,

357 1967 424 2007 10,
468 1976 535 2008 quo
567 1968 643 1999 loco
684 1970 737 1998 ter
782 1966 933 2008 positum
967 1965 999 1997 in

357 2012 571 2055 paucissimis
634 2012 747 2045 verbis
819 2011 998 2054 reperitur.

360 2057 600 2090 Heindorf.
636 2057 678 2090 ad
706 2057 835 2099 Cratyl.
862 2067 894 2099 p.
919 2056 998 2090 403.

359 2105 399 2136 A.
425 2103 468 2134 al.

405 2143 458 2178 ctis
484 2145 528 2178 τὰ
553 2144 776 2188 γράμματά
803 2157 905 2188 φησι
931 2146 997 2178 καὶ

359 2191 376 2224 ἐ
384 2190 464 2235 γω]
511 2192 605 2224 Heu
621 2193 680 2224 sd
722 2191 874 2234 Specim.
913 2193 996 2224 Crit.

357 2249 392 2292 p.
420 2236 494 2272 118.
530 2236 748 2270 scribendum
778 2234 999 2292 ce13set=ais

359 2281 398 2315 τὰ
428 2280 601 2326 γράμματά
628 2292 713 2324 φησι
740 2282 793 2314 καὶ
816 2280 883 2325 ἐγώ
917 2279 998 2322 ὁμο-

357 2330 465 2371 λογῶ,
502 2339 707 2371 comparans
738 2328 827 2371 Rep.
863 2329 940 2361 Vll.

357 2374 436 2410 530.
454 2376 491 2407 Ι).
518 2375 659 2416 Protag.
678 2385 709 2416 p.
729 2373 804 2407 316.
827 2375 871 2405 A.
889 2375 997 2417 Gorg.

358 2424 391 2463 p.
429 2419 509 2455 487.
536 2420 576 2454 D.
637 2419 766 2452 Vereor
797 2423 930 2460 tamen,
960 2426 999 2453 ut

350 2477 400 2499 —eo
425 2465 661 2499 additamento
687 2475 775 2507 opus
799 2465 862 2503 sit,
892 2466 996 2507 siqui-

359 2513 436 2545 dem
471 2522 490 2544 e
529 2510 747 2553 praecedenti
785 2511 869 2552 φησὶ
905 2513 996 2544 nullo

359 2555 499 2599 negotio
532 2557 727 2597 intelligitur
759 2557 856 2597 φημί.
895 2556 994 2589 Arbi—

359 2605 469 2636 tratur
498 2606 611 2635 autem
644 2602 771 2634 Critias
807 2602 901 2644 ipsas
935 2601 996 2635 has

360 2648 549 2681 sententias
570 2647 766 2693 ostendere,
791 2647 920 2680 nullum
945 2647 995 2680 in-

360 2699 412 2726 ter
452 2704 510 2727 eas
550 2693 762 2729 intercedere
801 2693 994 2732 discrimen,

359 2739 448 2773 haud
497 2739 600 2772 dubie
647 2742 850 2782 propterea,
902 2739 994 2780 quod

1069 1598 1186 1652 γνῶθι
1220 1603 1254 1631 et
1296 1596 1420 1642 φρόνει
1460 1609 1560 1633 unum
1601 1599 1706 1634 idem-

1067 1648 1281 1744 ‹¹¹¹{.S'tiss5.
1343 1688 1386 1720 οἱ
1430 1687 1473 1722 τὰ
1523 1688 1706 1734 ὕστερον

1067 1734 1308 1816 ζιρὶαμέξιατα]
1344 1733 1382 1769 V.
1419 1735 1462 1768 ad
1498 1736 1637 1780 Protng.
1673 1747 1705 1779 p.

1114 1846 1269 1891 ἐγγύῃ,
1301 1846 1411 1891 πάρα
1446 1844 1483 1880 δ’
1517 1846 1612 1892 ἄτη]
1648 1849 1708 1882 Sic

1068 1895 1188 1936 optimi
1232 1894 1305 1926 libri
1344 1903 1406 1931 pro
1435 1895 1596 1938 vulgato,
1630 1890 1705 1938 Ἐγ-

1068 1937 1152 1983 γύα,
1197 1937 1297 1982 πάρα
1325 1936 1357 1971 δ’
1388 1937 1461 1972 ἄτα.
1518 1941 1568 1974 lta
1596 1941 1704 1974 etiam

1069 1985 1198 2018 certius
1240 1989 1394 2026 constat,
1435 1986 1530 2035 prins
1566 1996 1707 2028 quoque

1068 2031 1274 2063 vocabulum
1298 2039 1376 2063 esse
1400 2040 1525 2063 nomen
1550 2032 1707 2064 substan-

1067 2076 1185 2116 tivum,
1211 2084 1279 2108 non
1301 2076 1455 2117 verbum,
1479 2076 1579 2108 sicuti
1602 2078 1705 2119 vulgo

1067 2121 1255 2163 opinantur.
1298 2120 1580 2154 scholiastes
1604 2123 1647 2155 ad
1673 2122 1705 2157 Ιι.

1068 2167 1087 2198 l.
1128 2166 1291 2209 παροιμία
1326 2163 1476 2222 ἐγγύα,
1521 2164 1633 2210 πάρα
1668 2163 1703 2200 6'

1065 2209 1138 2243 ἄτα
1160 2210 1214 2243 ἐπὶ
1239 2211 1305 2244 τῶν
1335 2208 1455 2255 ’ᾳδίωέ
1479 2210 1706 2255 ἐγγυωμένων

1066 2257 1120 2289 καὶ
1168 2258 1281 2290 κακῶς
1320 2256 1605 2292 απαλλαττόντων.
1653 2259 1703 2292 λέ-

1065 2313 1166 2346 γουσι
1192 2300 1228 2335 6⁷
1260 2300 1344 2336 αὐτὸ
1376 2302 1419 2336 ἐν
1438 2305 1539 2360 Δελφ
1543 2308 1596 2338 οἷς
1623 2301 1703 2338 ἄνα-

1065 2347 1275 2405 γεγράφθαι.
1318 2348 1356 2381 οἰ
1385 2345 1420 2382 δ’
1458 2346 1557 2383 εἶπον
1595 2347 1703 2394 αὐτὴν

1065 2391 1130 2435 ου’χ
1171 2392 1284 2427 οὕτως
1329 2396 1434 2438 ἔχειν,
1473 2392 1554 2429 ἀλλὰ
1580 2395 1703 2436 μόνον

1064 2439 1192 2483 ἐγγύῃ
1250 2439 1342 2484 ἄτη·
1403 2442 1459 2475 καὶ
1517 2441 1703 2485 παρέχουσι

1063 2484 1219 2529 μάρτυρα
1259 2485 1385 2520 τούτου
1429 2487 1603 2531 Κρατῖνον
1643 2487 1703 2522 τὸν

1064 2530 1242 2574 νεώτερον,
1267 2532 1421 2576 λέγοντα
1441 2545 1470 2566 κ.
1495 2545 1522 2566 τ.
1547 2535 1574 2566 λ.

1109 2602 1177 2633 καὶ
1213 2598 1290 2644 γὰρ
1330 2594 1454 2633 οὗτοι
1492 2601 1522 2642 ξ.
1555 2598 1701 2646 ω’ήθη-

1065 2655 1140 2678 σαν
1164 2666 1209 2671 —-
1234 2644 1513 2690 πρόσρησιν]
1528 2647 1596 2682 Qui
1621 2659 1703 2691 pos-

1063 2696 1142 2733 tea,
1178 2694 1306 2735 inquit,
1347 2693 1520 2735 Apollini
1534 2694 1700 2736 Delphico

1064 2737 1267 2772 dedicarunt
1294 2738 1544 2782 inscriptiones,
1573 2739 1594 2774 ii
1616 2749 1701 2782 quo-
1732 2757 1734 2759 ·
