1742 2970
296 253 377 293 206
680 239 1162 291 PROLEGOMENA
1198 239 1251 281 ad

412 358 719 401 Enarravimus
760 355 967 398 hactenus
1001 354 1162 410 dialogi
1194 350 1647 409 argumentum-vee-

297 419 446 475 quitur
495 422 544 458 ut
598 413 750 470 paucis
810 411 1046 454 dicendum
1099 411 1156 452 sit
1214 410 1267 451 de
1326 409 1420 451 eius
1442 407 1648 452 finemv-

302 490 387 530 que
443 471 638 515 consilio.
718 469 788 511 De
843 484 928 524 quo
971 468 1135 523 [nobisssf
1155 465 1330 522 quidem
1372 462 1650 512 {non*··'²'vide-

296 540 371 574 tur
409 529 590 572 multum
628 526 818 568 dubitari
864 540 1007 582 posse.
1082 522 1268 566 Constat
1311 522 1433 573 ‚enim
1472 521 1651 568 ‘libellus

299 588 468 630 duabus
498 584 695 642 partibus
715 582 1043 639 principalibus,
1076 595 1256 636 quarum
1285 579 1428 636 priore
1457 574 1653 622 Alcibia-

301 645 380 687 des
418 641 676 684 inscientiae
726 654 872 681 earum
918 653 1080 691 rerum,
1135 651 1246 692 quae
1291 635 1346 677 ad
1390 621 1654 692 reipublicae

302 700 607 744 tractationem
644 711 754 753 opus
795 696 903 749 sint,
944 694 1220 751 coarguitur3
1259 693 1394 734 altera
1431 692 1654 746 edocetur,

315 755 588 801 inscientiam
622 753 739 794 illam
766 753 827 794 ita
857 752 1029 794 demum
1059 750 1275 793 sublatum
1306 749 1383 802 iri,
1423 749 1460 791 si
1496 747 1551 791 ad
1589 748 1657 791 sui

302 813 598 872 cognitionem
619 810 854 866 'perveniat
884 823 1093 863 suamque
1123 813 1310 848 mentem
1334 805 1520 863 propriis
1539 813 1657 847 m'en-
1702 856 1712 861 α

301 873 361 914 tis
391 869 556 912 viribus
591 882 645 908 ex
677 866 818 907 lorare
848 864 1085 908 condiscat.
1149 863 1220 905 Ex
1257 877 1343 918 quo
1375 861 1660 919 perspicuum

300 928 370 980 fit,
428 923 535 979 quid
563 929 639 964 tan
674 937 739 963 em
770 937 982 964 summum
1020 919 1127 962 illud
1162 920 1233 973 sit,
1265 917 1384 974 quod
1414 918 1586 961 Platoni
1613 918 1659 972 in

303 984 389 1026 hoc
429 980 603 1036 dialogo
647 977 963 1020 conscribendo
1002 976 1132 1021 fuerit
1177 974 1473 1031 propositurus
1541 974 1662 1017 Dum

305 1039 420 1082 enim
452 1034 738 1093 philosophus
759 1033 965 1084 osoendit,
994 1032 1233 1086 scientiam,
1266 1030 1437 1087 qualem
1455 1028 1660 1084 Socrates

307 1110 404 1139 esse
434 1092 647 1144 voluerit,
688 1106 818 1133 unam
856 1105 950 1133 esse
987 1089 1189 1144 publicae
1231 1102 1404 1143 quoque
1442 1086 1661 1130 felicitatis

308 1165 509 1195 caussam
539 1155 582 1190 et
608 1147 884 1201 effectricem,
918 1146 1079 1202 quippe
1111 1160 1222 1200 quae
1253 1151 1296 1186 et
1324 1143 1663 1201 vanaepsapien-

307 1210 394 1251 tiae
426 1206 674 1263 opinionem
705 1204 873 1245 auferat
916 1209 960 1245 et
989 1201 1094 1257 quid
1123 1203 1308 1254 iustum,
1337 1200 1570 1246 honestum
1600 1205 1664 1241 at-

309 1280 393 1321 que
432 1262 538 1304 utile
581 1261 639 1302 sit
678 1260 924 1314 efficiatque
965 1273 1110 1301 veram
1141 1257 1329 1300 civitatis
1368 1255 1663 1310 concordiam,

309 1321 506 1372 edoceat,
540 1317 667 1360 simul
699 1316 828 1358 etiam
865 1316 981 1357 illius
1012 1314 1217 1358 scientiae
1245 1314 1359 1356 viam
1388 1311 1664 1365 monstravit,

309 1373 666 1434 quandoquidem
707 1372 857 1429 docuit
895 1387 1041 1414 veram
1082 1371 1339 1427 sapientiae·
1359 1367 1666 1427 adipiscendae

310 1434 521 1476 rationem
552 1431 597 1472 in
629 1445 680 1472 eo
713 1429 952 1483 contineri,
983 1434 1033 1470 ut
1063 1428 1159 1483 quis
1190 1426 1246 1468 ad
1277 1426 1344 1482 sui
1374 1425 1668 1483 cognitionem

307 1491 522 1539 enitatur,
567 1501 679 1542 quae
710 1501 799 1527 non
829 1486 874 1526 in
913 1485 996 1527 alia
1026 1500 1072 1526 re
1103 1484 1160 1526 sit
1189 1488 1419 1536 contenta,
1461 1483 1591 1538 quani
1614 1486 1669 1523 ·ut

313 1547 411 1604 quis
451 1543 581 1587 animi
629 1543 695 1585 sui
736 1542 935 1583 notitiam
975 1541 1156 1591 habeat,
1197 1551 1307 1595 quae
1339 1538 1668 1593 -ea'demgetiam

312 1600 611 1660 σωφροσύνην
640 1598 800 1640 habeat
844 1599 1007 1641 sociam
1037 1603 1169 1652 atque
1200 1596 1414 1641 comitem.
1466 1593 1669 1649 'Quibus-

310 1676 429 1702 cumv
462 1656 662 1702 omnibus
715 1661 862 1696 tamen
914 1653 1250 1711 prudentissimo
1306 1651 1490 1706 consilio
1541 1651 1670 1693 etiam

315 1715 432 1758 aliud
463 1712 569 1769 quid
600 1711 816 1753 artissimo
846 1710 1020 1753 vinculo
1052 1710 1339 1752 coniunctum*
1361 1713 1442 1762 est,
1464 1730 1469 1749 ι
1504 1705 1671 1756 nando-

310 1771 492 1827 quidem
521 1767 672 1810 eadem
708 1782 841 1823 opera
873 1767 1000 1809 etiam
1033 1766 1291 1818 declaratur,
1323 1778 1444 1806 amor
1510 1764 1670 1806 ocratis

311 1843 419 1885 erga
448 1824 726 1869 Alcibiadem
757 1838 963 1878 quorsum
986 1821 1228 1865 'tetenderit
1258 1827 1303 1863 et
1333 1831 1547 1876 quaenam
1575 1820 1672 1870 fue-

314 1886 371 1927 rit
399 1883 513 1925 illius
543 1882 589 1923 in
620 1880 836 1936 discipulo
869 1895 947 1922 suo
978 1878 1169 1936 regendo
1199 1875 1553 1933 moderandoque
1583 1875 1672 1919 dis-

313 1940 498 1999 ciplina,
554 1936 711 1980 studiis
752 1935 1090 1978 Atheniensium
1126 1935 1188 1985 illi
1227 1933 1485 1990 perniciosis
1517 1933 1672 1988 ‘utique

315 1996 544 2040 contraria.
607 1993 733 2046 Quae
775 1993 811 2035 si
851 2008 952 2035 vere
982 1991 1285 2045 iudicavimus,
1315 1986 1578 2032 totius'libri
1606 1986 1674 2031 ra·

315 2054 479 2096 tionem
518 2066 569 2092 ac
609 2049 945 2106 descriptionem
976 2054 1156 2105 apparet
1191 2059 1370 2103 prorsus
1401 2060 1496 2099 essse
1526 2045 1654 2088 Plato

283 2144 287 2146 .
316 2109 481 2161 nicam,
524 2105 740 2161 siquidem
781 2106 1010 2147 Platonem
1051 2110 1224 2147 constat
1259 2103 1304 2144 in
1333 2102 1553 2170 plerisque
1579 2115 1673 2144 'ser-

316 2164 517 2207 monibus
558 2162 647 2203 suis
686 2161 771 2203 hoc
808 2175 935 2203 usum
977 2175 1072 2203 esse
1103 2158 1343 2202 disserendi
1381 2158 1592 2212 artificio,
1626 2164 1676 2200 ut

316 2218 602 2275 complurium
640 2231 783 2258 rerum
823 2215 1127 2274 cognatarum,
1167 2230 1349 2271 quarum
1379 2214 1489 2256 aliae
1520 2214 1577 2256 ad
1606 2211 1676 2257 s‘a-

317 2275 506 2333 pientiae
554 2273 796 2315 doctrinam
827 2280 871 2315 et
904 2273 1139 2326 rationem,
1170 2272 1279 2313 aliae
1309 2270 1365 2313 ad
1394 2271 1531 2328 ipsius
1548 2271 1676 2313 >vitae

318 2331 557 2375 communis
596 2344 723 2371 usum
760 2330 1039 2383 referrentur,
1077 2328 1380 2370 tractationem
1418 2343 1517 2370 una*
1543 2343 1569 2370 o
1604 2342 1676 2379 era

319 2387 554 2445 perfecerit
585 2392 628 2428 et
659 2385 959 2429 sollertissima
988 2385 1204 2427 industria
1233 2383 1290 2426 ad
1318 2389 1452 2426 unum
1472 2382 1554 2438 eun
1588 2398 1675 2425 em-

317 2460 405 2500 que
437 2444 569 2485 finem
597 2442 808 2484 retulerit.
871 2442 1004 2496 Quod
1043 2441 1218 2498 quidem
1248 2442 1294 2482 in
1324 2440 1408 2483 hoc
1436 2434 1547 2492 libro
1572 2442 1676 2496 'per-

318 2516 451 2558 quam
488 2498 724 2540 artificiose
765 2499 828 2541 ita
868 2505 933 2541 est
976 2499 1250 2551 institutum,
1301 2496 1346 2539 in
1447 2500 1499 2550 “o
1526 2495 1676 2552 dispu-

320 2558 430 2600 tatio
489 2555 544 2596 de
599 2554 782 2596 scientia
836 2561 880 2597 et
939 2556 1005 2597 sui
1064 2554 1312 2619 cognitione
1360 2510 1424 2594 adl
1470 2551 1676 2609 reipubli-

322 2629 398 2660 cae
466 2611 652 2654 salutem
733 2613 978 2654 necessaria
1061 2611 1275 2653 artissimo
1302 2619 1307 2621 ’
1343 2609 1519 2651 vinculo
1578 2623 1676 2650 cum

323 2667 618 2725 descriptione
682 2665 931 2710 Socraticae
983 2667 1270 2709 institutionis
1319 2672 1538 2719 tamquam
1594 2664 1676 2705 rei-

322 2725 520 2786 publicae
558 2722 798 2767 rationibus
832 2726 959 2780 longe
980 2724 1284 2767 saluberrimae
1305 2736 1416 2763 nexa
1445 2728 1513 2764 es‘t
1545 2728 1690 2775 atque,
