1754 2964
318 214 371 254 26
719 208 1202 256 PROLEGOMENA
1234 212 1287 255 ad

320 323 559 367 disserendi
599 324 776 375 rationis
818 325 1054 368 imitatione
1091 332 1219 369 utens
1259 325 1442 369 subinde
1468 324 1653 381 inludit,

320 380 522 424 facillime
540 381 860 436 perturbentur.
920 382 1133 426 Nimirum
1154 382 1285 425 habet
1311 381 1395 426 hoc
1417 383 1656 430 semum

320 437 522 480 Platonis·
555 438 810 480 sententiam
846 440 993 496 opinio
1033 439 1209 496 (δόξα),
1247 447 1297 482 ut
1334 439 1657 485 etiamsi-*nuta

321 495 377 536 sit
408 493 553 550 (ὀρθὴ
584 493 736 550 δόξα),
779 502 925 538 tamen
956 496 1226 554 decretorum
1255 512 1431 539 suorum
1458 494 1657 549 idonoagn

320 551 532 594 rationem
560 551 740 594 reddere
772 553 894 595 nullo
918 553 1047 596 modo
1074 553 1226 610 possit.
1468 583 1469 586 =

432 609 596 651 Verum
623 609 729 652 satis
760 609 865 652 haec
897 610 950 652 de
978 611 1174 668 partibus
1205 610 1358 653 Niciae
1379 616 1451 652 'et-
1472 611 1659 657 nachori

320 664 607 716 demandatis3
646 666 864 723 pergimus
905 667 961 709 ad
1000 667 1238 711 Socratem.
1298 666 1659 722 Qui'qnffidemfi

319 722 416 778 quis
454 723 698 772 sciscitetur
715 755 727 776 ,
750 724 939 778 'qualem
978 738 1205 781 personam
1252 724 1296 765 in
1352 723 1436 766 hoc
1468 724 1661 782 dialogo

317 786 467 836 gerat,
506 780 549 821 in
579 787 752 836 promtu
788 795 890 822 sane
921 781 1144 838 responsio
1176 790 1254 823 est.
1315 779 1512 824 Sustinet
1541 782 1658 824 enim

317 836 388 878 ille
429 843 573 891 partes
605 837 899 892 superioribus
930 838 1055 894 plane
1086 837 1346 892 contrarias,
1387 838 1659 895 quandoqui-

319 892 419 935 dem
446 893 483 935 is
514 893 756 946 inducitur,
798 895 871 949 qui
899 895 944 936 in
972 894 1206 937 iudicanda
1234 893 1489 937 fortitudine
1520 896 1659 941 omni-

319 962 403 1005 que
441 950 603 992 virtute
643 949 848 991 scientiae
888 966 912 992 e
950 951 1131 993 rationis
1171 951 1291 993 sonte
1331 951 1554 1007 profectae
1581 967 1658 1007 ne·

319 1020 403 1061 que
433 1006 575 1048 tamen
606 1006 659 1048 ab
689 1005 825 1062 ipsius
854 1007 968 1048 vitae
1000 1007 1170 1049 actione
1201 1006 1657 1065 et‘officii'expletione

318 1062 539 1105 seiunctae
570 1079 620 1106 ac
650 1062 842 1105 divulsae
859 1064 1050 1106 rationes
1071 1064 1657 1119 sequatur-constantiniana

317 1119 534 1162 Nimirum
580 1119 784 1173 scientia,
828 1135 956 1175 quam
1009 1121 1150 1162 animo
1201 1126 1322 1163 tenet
1369 1121 1655 1176 informatam,

317 1177 569 1231 neutiquam
608 1176 803 1232 prudens
829 1183 999 1218 tantum
1030 1184 1094 1219 est
1123 1177 1390 1234 singularum
1418 1189 1562 1220 rerum
1592 1177 1657 1220 di·
1727 1200 1731 1210 ·

317 1232 523 1275 iudicatio
559 1248 699 1289 neque
739 1233 793 1274 ad
830 1249 917 1275 una
957 1239 1122 1276 tantum
1170 1239 1246 1276 aut
1291 1234 1536 1290 praesentia
1584 1240 1658 1277 aut

347 1291 552 1332 raeterita
579 1297 654 1332 aut
682 1291 828 1332 futura
858 1289 1067 1347 pertinet,
1099 1290 1178 1333 sed
1205 1296 1272 1333 est
1299 1291 1449 1348 potius
1475 1302 1658 1349 genera-

317 1306 371 1390 lis
403 1347 614 1402 quaedam
645 1347 751 1400 veri,
783 1347 886 1389 boni
918 1353 1048 1403 atque
1077 1348 1186 1389 recti
1217 1346 1480 1390 conscientia
1499 1348 1657 1390 rationi

318 1410 636 1456 consentanea,-
677 1419 785 1459 quae
827 1404 943 1446 omni
991 1410 1183 1460 tempore
1230 1410 1274 1446 et
1309 1404 1406 1448 loco
1484 1416 1657 1448 raesens

318 1460 444 1503 adest
475 1467 519 1503 et
550 1461 699 1517 quavis
730 1476 871 1502 rerum
891 1461 1155 1515 conditione,
1187 1460 1292 1517 quid
1308 1461 1450 1503 facien
1482 1475 1555 1503 um
1580 1461 1655 1516 sit,

316 1517 565 1575 planissime
605 1517 781 1571 edocet,
821 1523 873 1559 ut
913 1533 993 1560 nec
1021 1518 1110 1560 ullo
1141 1517 1270 1560 modo
1310 1517 1500 1560 dubitari
1527 1517 1654 1572 sinat,

317 1574 423 1630 quid
463 1575 556 1617 viro
594 1575 697 1617 forti
726 1574 904 1631 dignum
934 1574 1002 1616 sit.
1061 1574 1216 1629 Itaque
1247 1575 1320 1617 ille
1344 1575 1531 1630 primum
1561 1573 1657 1630 qui-

317 1632 438 1686 dem,
479 1632 553 1674 ubi
592 1631 645 1673 de
676 1631 1002 1688 hoplomachiae
1031 1630 1087 1672 ad
1117 1632 1320 1674 virtutem
1348 1631 1656 1688 utilitate-agi-

315 1696 409 1742 tur,
442 1689 579 1744 ipsius
619 1688 791 1730 virtutis
842 1694 1039 1730 naturam
1067 1687 1320 1730 intuendam
1349 1703 1443 1730 esse
1474 1687 1655 1731 arbitra—

314 1751 386 1786 tur
425 1755 468 1786 et
507 1745 709 1800 quoniam
753 1744 807 1786 de
846 1751 936 1786 arte
967 1745 1169 1801 gymnica
1197 1744 1362 1786 mentio
1392 1743 1652 1798 sitiniecta,

314 1802 524 1858 imprimis
562 1800 828 1844 fortitudinis
883 1806 1083 1843 naturam
1135 1800 1446 1856 exquirendam
1487 1806 1652 1849 censet.

313 1858 485 1900 Deinde
507 1872 611 1900 vero
631 1864 862 1914 postquam
884 1863 1060 1899 ventum
1074 1863 1141 1900 est
1163 1857 1219 1899 ad
1238 1855 1576 1915 disputationem
1598 1857 1654 1899 de

314 1916 489 1957 notione
518 1914 783 1956 fortitudinis
813 1919 928 1956 recte
956 1913 1243 1967 informanda,
1265 1914 1359 1970 ipse
1379 1927 1502 1957 ‘unus
1530 1919 1655 1956 acute

314 1971 526 2027 pervidet,
559 1971 715 2027 quibus
748 1970 864 2013 vitiis
894 1970 1009 2012 illius
1039 1971 1215 2013 virtutis
1245 1970 1467 2013 finitiones
1495 1985 1521 2012 a
1538 1985 1654 2012 sum-

313 2028 394 2080 mis
430 2028 761 2084 imperatoribus
792 2027 1043 2082 propositae
1072 2027 1294 2080 laborent,
1339 2032 1382 2070 et
1408 2041 1496 2068 non
1525 2026 1655 2068 modo

313 2099 381 2126 res
422 2085 626 2126 finitimas
665 2089 708 2124 et
747 2089 956 2139 cognatas
994 2082 1210 2125 subtiliter
1244 2082 1451 2125 discernit
1483 2097 1534 2124 ac
1564 2082 1653 2126 dis-

311 2142 373 2182 tin
438 2141 487 2194 it,
527 2155 678 2182 verum
707 2140 868 2195 primus
898 2138 1196 2181 fortitudinem
1228 2154 1280 2181 ex
1299 2139 1511 2197 angustiis
1538 2139 1654 2194 istis,

312 2197 386 2252 qui
418 2213 467 2240 us
526 2196 650 2238 initio
702 2203 920 2250 tamquam
979 2210 1098 2237 mera
1134 2195 1281 2238 *virtus
1340 2195 1539 2238 militaris
1600 2196 1655 2238 ab

310 2253 504 2297 Lachete
535 2259 601 2296 est
619 2253 800 2306 inclusa,
829 2252 874 2293 in
893 2251 1135 2294 liberiorem
1152 2253 1487 2309 amplioremque
1508 2251 1656 2294 educit

311 2326 532 2367 campum,
564 2309 775 2365 siquidem
801 2324 895 2350 eam
934 2307 1126 2351 ostendit
1164 2309 1298 2352 multo
1338 2317 1487 2366 patere
1524 2309 1656 2351 latius

309 2367 603 2424 imprimisque
645 2367 774 2408 etiam
815 2365 871 2407 ad
910 2365 1040 2407 animi
1090 2364 1268 2408 affectus
1313 2372 1355 2408 et
1394 2364 1652 2423 cupiditates

310 2423 549 2466 domandos
579 2429 711 2479 atque
743 2421 1033 2464 devincendos
1053 2422 1323 2464 referendam
1338 2424 1480 2466 esses
1514 2422 1651 2464 Porro

309 2479 380 2523 ille
421 2481 548 2523 etiam
587 2481 623 2521 is
656 2479 934 2521 adumbratur
964 2493 1014 2520 ac
1045 2478 1315 2536 depingitur,
1346 2480 1533 2534 inquo,
1565 2477 1654 2521 cla-

310 2537 577 2586 rissimorum
606 2536 912 2592 imperatorum
940 2534 1200 2590 testimonio,
1233 2536 1361 2578 etiam
1386 2534 1650 2588 tortitudinis

313 2594 563 2636 exercitatio
593 2593 720 2649 plane
751 2591 1012 2634 admirabilis
1041 2592 1172 2634 fuerit
1201 2593 1438 2649 conspicua
1467 2593 1530 2649 (p.
1557 2593 1652 2634 181.

311 2649 363 2692 C.
399 2650 462 2692 Ι).
505 2650 596 2694 188.
626 2649 683 2691 D.
719 2650 812 2691 189.
854 2648 905 2690 Β.
936 2646 1024 2703 C.·),
1054 2653 1104 2690 ut
1134 2648 1215 2692 hac
1245 2663 1416 2705 quoque
1447 2663 1500 2690 ex
1526 2654 1648 2706 parte

309 2706 689 2763 spectatus'longe
719 2705 826 2747 alius
864 2704 1062 2747 videatur
1093 2719 1222 2760 quam
1251 2706 1382 2748 duces
1414 2705 1511 2760 isti,
1551 2705 1648 2760 qui-

306 2763 492 2807 buscum
515 2763 803 2817 colloquitur.
872 2761 986 2806 Nam
1025 2776 1154 2816 quum
1201 2762 1263 2806 illi
1309 2775 1364 2804 ne
1409 2760 1647 2804 communis
