1754 2964
567 188 971 234 CHARMIDEM.
1380 194 1458 237 119

83 299 218 346 oredo
257 315 348 346 rem
388 304 450 346 ita
489 317 537 346 se
579 303 761 357 habere,
812 303 891 346 sed
930 303 1071 346 omnis
1121 305 1278 348 erroris
1327 306 1456 350 huius

40 358 43 363 ’
85 359 214 417 eulpa
243 360 290 403 in
320 374 459 403 meam
480 360 698 404 inscitiam
718 359 984 403 conserenda
1014 367 1095 403 est.
1158 361 1456 407 Nihilominus

85 422 230 460 autem
260 416 366 460 mihi
395 417 592 475 persuasi
622 418 958 474 temperantiam
998 417 1043 459 in
1075 418 1205 460 bonis
1235 422 1457 463 numerari

84 479 301 530 oportere,
333 480 398 528 ut,
429 473 466 517 si
497 475 596 530 quis
628 489 681 516 ea
710 473 938 531 praeditus
970 474 1043 528 sit,
1075 475 1113 518 is
1144 475 1249 517 felix
1280 484 1324 519 et
1353 478 1456 528 bea·

83 535 160 573 ωε
186 544 284 574 esse
320 529 536 574 videatur.
597 530 843 574 Considera
872 531 1010 588 igitur
1040 532 1127 574 iam
1158 531 1319 587 denuo,
1354 549 1457 577 num

45 619 54 626 ,
85 584 163 630 issa
188 586 500 631 incantationis
530 588 740 643 formula,
774 587 828 631 de
861 603 949 644 qua
978 587 1106 631 initio
1141 591 1355 634 sermonis
1387 590 1455 633 di-

83 642 267 700 cebam,
296 644 380 688 tibi
409 660 521 702 opus
551 645 623 688 sit.
685 645 759 688 Ad
790 659 904 701 quae
937 643 1219 688 adolescens:
1251 647 1315 689 At
1346 662 1457 702 quo-

1 731 4 735 <
80 698 218 744 'modo
247 702 502 801 Ἦοεοὶειιη,
534 707 682 744 utrum
705 702 902 758 σώφρων
931 701 1012 745 sim
1043 717 1198 758 necne,
1233 718 1368 759 quum
1401 720 1457 746 ne

57 764 181 801 ‘ves
202 758 275 814 qu'
313 774 380 801 em
417 762 714 816 σωφροσύνης
756 760 843 802 vim
883 765 930 802 et
970 759 1184 802 rationem
1224 761 1455 816 exquirere

5 820 37 855 ἡ»
70 815 350 874 potueritis?
387 814 690 871 ‚Quamquam
719 831 803 874 ego
836 815 1014 872 quidem
1044 816 1131 859 ista
1159 817 1457 861 incantatione

51 892 54 894 ·
82 871 354 927 alibi-valde
383 887 495 930 opus
527 876 622 916 cisse
653 874 871 929 existimo,
904 873 1122 928 facileque
1153 874 1321 931 patiar,
1352 882 1402 917 ut
1431 891 1459 918 a

83 933 128 985 te
167 929 369 973 incantet
407 929 630 986 quotidie,
668 945 813 985 usque
850 930 953 972 dum
993 936 1043 973 tu
1075 931 1184 974 satis
1217 947 1312 974 esse
1344 932 1458 974 iudi-

83 987 270 1030 caveris.
343 987 432 1030 Hic
475 1003 580 1030 vero
611 986 798 1030 Critias:
838 987 940 1031 Hoc
969 993 1019 1030 tu
1049 987 1087 1030 si
1116 987 1180 1030 ita
1210 989 1368 1032 feceris
1384 1022 1396 1044 ,
1431 1006 1456 1032 o

0 1053 36 1135 ἒ
85 1040 352 1099 Charmide,
385 1060 544 1102 magno
575 1043 622 1086 id
654 1044 762 1087 mihi
792 1045 876 1087 erit
905 1050 1166 1102 argumento
1196 1051 1241 1088 te
1273 1061 1320 1088 re
1351 1061 1459 1088 vera

4 1118 29 1154 ,ρ
82 1105 403 1158 temperantem
443 1117 553 1145 esse.
620 1099 711 1144 Cui
754 1101 846 1144 ille:
884 1101 1066 1144 Faciam
1110 1117 1215 1144 vero
1256 1102 1360 1146 inde
1402 1103 1457 1146 ab

0 1159 36 1207 ἡ
82 1155 170 1200 hoc
199 1156 292 1211 die;
322 1158 488 1201 iniuste
521 1158 637 1200 enim
666 1158 871 1212 facerem,
904 1158 941 1201 si
970 1158 1052 1201 tibi
1082 1159 1219 1201 tutori
1241 1175 1336 1203 meo
1369 1175 1457 1203 non

28 1230 34 1256 z
83 1208 366 1271 obsequerer,
398 1230 483 1259 nec
516 1214 702 1258 consilio
732 1215 810 1258 tuo
841 1215 1188 1273 obtemperarem
1219 1216 1276 1271 ¹⁸¹).

198 1310 287 1355 Hic
315 1312 452 1370 igitur
483 1318 551 1355 est
591 1313 807 1355 sermonis
844 1311 945 1355 finis
983 1317 1030 1354 et
1069 1312 1239 1366 exitus,
1282 1312 1327 1355 in
1369 1329 1456 1368 quo
1498 1340 1504 1344 κ

22 1366 38 1403 ss
82 1367 364 1422 manifestum
402 1375 470 1412 est
510 1369 755 1428 significari
795 1384 930 1412 unum
968 1368 1109 1412 solum
1153 1368 1383 1413 Socratem
1414 1376 1458 1412 et

84 1427 400 1484 temperantiae
442 1426 528 1469 vim
567 1432 688 1469 recte
729 1426 910 1470 novisse
951 1432 996 1469 et
1024 1426 1069 1468 id
1100 1441 1231 1483 posse
1263 1426 1455 1481 efficere,

10 1487 41 1525 ζ·
84 1487 136 1526 ut
173 1481 475 1527 adolescentes
507 1484 602 1527 eius
643 1484 818 1527 virtutis
848 1482 997 1528 studio
1039 1490 1087 1526 et
1117 1499 1265 1527 amore
1306 1486 1455 1527 incen-

5 1550 41 1601 r‘]
84 1536 244 1593 duntur
274 1546 408 1598 atque
432 1540 775 1585 inflammentur.

8 1636 33 1675 ,θ’
168 1680 170 1683 y
197 1623 290 1669 Vix
343 1641 456 1684 opus
504 1641 600 1670 esse
681 1634 883 1681 utamu8‚
936 1632 986 1669 ut
1032 1642 1151 1670 nunc
1202 1626 1456 1684 singulatim

3 1683 39 1702 ”
84 1681 140 1731 de
177 1681 278 1726 libri
314 1683 405 1726 fine
444 1690 492 1727 et
531 1684 652 1727 cons'
674 1685 716 1727 io
748 1690 1005 1742 exponatur.
1068 1682 1307 1740 Speramus
1339 1684 1455 1726 enim

81 1735 181 1799 ipsa
209 1741 458 1798 argumenti
475 1741 751 1784 enarratione
771 1742 877 1784 satis
909 1740 1178 1784 declaratum
1202 1756 1313 1795 esse,
1346 1740 1455 1783 illud

19 1791 37 1850 f⁴1
83 1795 363 1855 potissimum
391 1798 438 1841 in
469 1813 521 1842 eo
552 1798 656 1857 agi7
690 1806 741 1841 ut
780 1799 916 1842 falsae
955 1798 1009 1841 de
1039 1798 1330 1855 temperantia
1362 1797 1455 1854 opi-

17 1856 36 1899 4
78 1849 240 1911 ¹triones
295 1869 384 1898 non
432 1855 527 1898 sine
570 1871 732 1912 pravae
779 1862 826 1898 et
882 1855 1154 1912 sophisticae
1211 1853 1456 1897 disserendi

84 1910 271 1969 tutionis
309 1910 512 1969 irrisione
560 1920 858 1969 coarguantur
894 1918 939 1954 et
979 1912 1109 1955 simul
1149 1911 1329 1954 rationis
1372 1909 1455 1954 So-

13 2022 15 2027 ·
84 1967 276 2015 craticae
317 1969 586 2026 praestantia
629 1970 691 2012 ita
738 1967 996 2012 ostendatur
1036 1975 1084 2010 ut
1128 1967 1335 2025 primaria
1374 1983 1457 2009 σω-

5 2041 37 2082 as
59 2074 62 2076 v
84 2065 88 2069 .
112 2024 318 2083 .Q⁰.‘5²¹'¹¹²76
370 2032 593 2083 tamquam
641 2026 856 2069 elementa
905 2026 962 2069 ob
1010 2025 1165 2068 oculos
1219 2030 1455 2082 ponantur.

14 2083 33 2126 ,’
84 2041 382 2140 gignificatur'
435 2083 550 2126 enim
589 2098 679 2126 non
727 2083 938 2137 obscure,
988 2082 1324 2138 temperantiam
1370 2081 1457 2124 uti-

88 2153 172 2194 ,με
210 2137 262 2182 in
311 2139 443 2182 animi
496 2140 756 2198 incorrupta
794 2140 980 2184 sanitate
1020 2139 1259 2193 contineri,
1310 2137 1456 2194 qualis

15 2196 33 2202 ’“
85 2153 337 2240 &humidis
366 2196 557 2255 imagine
588 2202 958 2255 repraesentetur,
990 2203 1125 2252 atque
1158 2197 1329 2250 elucere
1356 2211 1458 2252 par-

26 2279 27 2282 =
86 2252 167 2297 tim
204 2252 252 2296 in
291 2252 590 2297 moderatione
628 2253 818 2310 quadam
849 2253 1037 2312 agendi,
1087 2254 1230 2296 ›artim
1259 2253 1303 2295 in
1334 2252 1458 2310 inge-

85 2324 176 2363 nuo
198 2307 374 2367 'pudore
403 2326 456 2354 ac
482 2311 763 2362 verecundia,
791 2312 951 2368 partim
982 2311 1028 2354 in
1059 2270 1136 2352 <iili
1171 2309 1260 2353 enti
1286 2309 1457 2366 propri-

14 2370 30 2417 “,,
86 2382 216 2426 orum
238 2365 486 2411 officiorum
507 2368 757 2426 expletione
780 2383 879 2411 cum
893 2368 998 2412 boni
1016 2374 1063 2410 et
1083 2326 1202 2410 utffis
1228 2382 1334 2410 cura
1353 2381 1457 2409 con-

87 2424 264 2479 iuncta,
312 2423 482 2468 absolvi
533 2432 678 2468 autem
727 2431 862 2481 atque
914 2424 1205 2468 consummari
1257 2422 1457 2475 scientia,

89 2496 202 2547 quae
243 2495 329 2524 non
393 2497 537 2524 rerum
589 2483 864 2526 extrinsecus
900 2481 1143 2525 oblatarum
1173 2480 1346 2535 notitia,
1378 2479 1459 2523 sed

26 2542 37 2586 2ss
88 2537 223 2581 ammi
265 2537 357 2580 veri
396 2538 592 2594 rectique
635 2539 907 2582 conscientia
946 2539 1181 2582 sustentati
1220 2538 1378 2581 robore
1408 2551 1459 2578 ac

28 2780 36 2787 .
95 2751 100 2754 ’
158 2753 191 2795 ⁶)
218 2753 258 2788 P.
284 2753 363 2790 175.
387 2754 433 2786 D.
460 2765 569 2796 nsque
594 2756 639 2788 ad
661 2756 778 2788 finem.
