1742 2970
307 205 388 245 216
699 204 1188 251 PROLEGOMENA
1219 209 1274 251 ad
1338 204 1342 208 ⁴

421 314 682 359 Platonis
720 318 1055 362 Alcibiades
1102 321 1138 363 I.
1177 321 1238 363 II.
1279 321 1540 380 griechisck
1562 322 1653 380 und

308 369 492 436 deutsch
522 372 601 414 mit
626 373 982 432 Anmerkungen.
1043 376 1196 435 Leipz.
1218 393 1288 434 ap.
1312 377 1655 435 Engelffiswbl.

311 428 350 469 8.
382 441 668 540 ωἰξὲῐραννηε
696 485 826 530 hodie
857 504 961 533 usus
1001 495 1067 532 est
1096 504 1258 545 eorum,
1295 505 1406 545 quae
1449 464 1659 539 sstwiil-

307 540 362 582 lu
373 554 393 583 s
424 545 467 582 et
493 540 562 582 Al
574 547 591 583 t
603 556 626 583 e
637 557 659 583 r
668 557 696 584 u
707 557 727 586 s
759 546 1106 602 suppeditarunt,
1139 562 1322 602 quorum
1339 545 1559 590 editiones
1575 547 1657 590 sub

307 597 391 639 hoc
421 596 545 639 titulo
575 598 849 654 prodierunt:

421 653 683 698 Platonis
710 656 959 715 Dialogi
988 664 1125 711 tres,
1157 657 1412 700 Alcibiades
1443 658 1480 701 I.
1506 659 1567 709 Π.
1613 666 1658 701 et

307 709 614 766 Hipparchus,
660 713 817 766 quibus
856 715 1156 772 praefiguntur
1206 713 1514 772 Olympiodori
1567 715 1660 758 vita

307 765 506 808 Platonis
545 773 589 817 et
618 767 777 811 *Albini
811 771 856 812 in
896 771 1094 828 dialogos
1134 771 1331 814 Platonis
1378 771 1659 815 introductio.

309 821 479 864 Graece
515 829 560 865 et
588 825 762 867 Latine.
825 826 974 884 Opera
1003 834 1047 870 et
1075 826 1222 871 studio
1254 826 1403 870 Guil.
1432 828 1658 876 Etwall.

310 877 489 932 Oxonii,
535 881 656 922 1771.
697 883 736 924 8.
814 883 935 926 Usus
975 889 1040 926 est
1078 883 1219 926 editor
1256 883 1408 926 codice
1444 899 1662 933 manuscr.

308 934 597 978 bibliothecae
627 937 909 993 Bodleianae,
943 940 1019 994 qui
1047 940 1233 996 primum
1252 939 1528 983 Alcibiadem
1558 951 1662 984 con·

308 991 433 1044 tinet,
465 991 542 1034 sed
572 1007 670 1035 eum
696 1009 775 1050 pro
806 1011 924 1038 more
946 996 1118 1038 illorum
1137 1003 1381 1053 temporum
1404 997 1481 1040 vix
1492 1022 1496 1030 η»
1506 997 1662 1040 leviter

309 1048 376 1090 ins
411 1048 512 1090 exit.

379 1063 685 1149 pPlatonis
716 1107 952 1165 Dialogi
988 1108 1068 1150 IV.
1129 1108 1287 1163 Meno,
1327 1107 1580 1152 Alcibiades
1603 1109 1662 1163 ›I.,

310 1160 506 1214 Phaedo,
538 1162 780 1206 Phaedrus.
827 1163 998 1207 Graece
1022 1165 1076 1207 ad
1097 1165 1331 1207 editionem
1361 1165 1419 1208 H.
1451 1164 1663 1221 Stephani

311 1219 517 1272 expressi.
581 1217 763 1262 Curavit
800 1221 851 1262 F.
894 1220 944 1263 C.
987 1222 1157 1263 Alter.
1198 1221 1422 1274 Viennae,
1469 1223 1591 1264 1784.
1621 1223 1662 1264 8.

310 1274 409 1315 mai.
441 1275 645 1317 Accessit
672 1277 858 1319 varietas
883 1278 1087 1320 lectionis
1120 1293 1174 1319 ex
1191 1277 1343 1320 codice
1373 1277 1663 1321 bibliothecae

310 1329 664 1374 Vindobonensis
694 1333 826 1376 Num.
856 1332 989 1376 XXI.
1021 1339 1237 1390 excerpta.

423 1387 660 1431 Praeterea
678 1391 1043 1432 commemorandi
1063 1396 1164 1433 sunt
1182 1390 1288 1433 Pro
1300 1389 1373 1433 cli
1401 1398 1446 1433 et
1459 1390 1463 1394 ’
1475 1389 1664 1448 Olym-

310 1443 538 1500 piodori
568 1446 612 1487 in
643 1444 757 1488 hunc
785 1446 942 1489 librum
972 1446 1291 1502 commentarii,
1322 1462 1462 1504 nuper
1491 1443 1664 1490 demum

312 1515 337 1541 a
367 1498 613 1544 Cousino
644 1509 775 1557 atque
808 1501 1123 1557 Creuzero,
1156 1503 1278 1546 Viris
1309 1501 1587 1558 clarissimis,
1618 1504 1675 1554 in*

308 1557 448 1610 lucem
490 1557 608 1600 editi.
677 1558 928 1602 Germanici
970 1559 1154 1603 editoris
1205 1574 1317 1616 opus
1366 1560 1429 1603 ita
1475 1560 1664 1616 inscrip-
1697 1592 1701 1603 .

310 1619 405 1654 tum
435 1619 520 1656 est:
936 1663 944 1667 Α
1281 1635 1283 1637 ·
1590 1621 1600 1626 “

425 1669 608 1712 Initia
657 1671 1060 1729 philosophiae
1116 1689 1175 1716 ac
1234 1673 1562 1730 theologiae
1610 1678 1665 1716 ex

311 1726 552 1770 Platonicis
598 1728 790 1771 fontibus
835 1729 982 1784 ducta,
1030 1731 1122 1773 sive
1172 1729 1318 1772 Procli
1366 1730 1590 1773 Diadochi
1621 1736 1666 1774 et

312 1782 618 1839 Olympiodori
647 1785 692 1826 in
723 1785 918 1828 Platonis
950 1786 1223 1829 Alcibiadem
1254 1787 1563 1829 comment-arii.
1593 1785 1665 1828 Ex

312 1838 439 1882 codd.
470 1856 570 1883 mss.
602 1857 716 1884 nunc
743 1843 929 1898 primum
959 1842 1129 1886 Graece
1163 1842 1301 1885 edidit
1328 1843 1521 1908 itemque
1551 1843 1672 1886 eius->

312 1895 409 1938 dem
440 1897 583 1939 Procli
613 1898 934 1941 institutionem
973 1899 1263 1956 theologicam
1305 1900 1394 1942 inte
1427 1904 1583 1942 morem
1621 1915 1664 1942 e-

313 1952 706 2010 mendatioremque
746 1955 906 1998 adiecit
944 1956 1026 1998 Fr.
1070 1955 1334 1998 Creuzer.
1415 1957 1578 2003 raucos.
1610 1955 1668 1998 ad'

311 2009 461 2051 Moen.
497 2012 747 2053 1820—25.
779 2014 818 2054 8.
858 2013 956 2054 mai.
987 2013 1140 2055 Partes
1170 2012 1275 2066 IV„
1318 2027 1498 2068 quarum
1528 2013 1665 2069 prima

312 2066 615 2120 complectitur
657 2068 804 2118 Procli
842 2069 886 2110 in
925 2068 1200 2111 Alcibiadem
1239 2068 1274 2110 Ι.
1317 2069 1663 2122 commentarios,

312 2122 506 2163 secunda
537 2120 851 2180 ,Olynfpiodori
892 2125 1071 2178 scholia,
1102 2130 1150 2166 ut
1180 2125 1312 2180 vulgo
1343 2124 1663 2176 inscribuntur3

310 2178 438 2218 tertia
478 2177 611 2233 habet
623 2177 784 2222 *Procli
814 2181 1126 2223 institutionem
1156 2180 1469 2238 theologicam3
1510 2187 1665 2236 quarta
1691 2206 1693 2210 ·

311 2232 497 2287 denique
536 2231 712 2285 Nicolai
743 2236 1049 2280 Methonensis
1090 2238 1398 2280 refutationem
1427 2238 1665 2280 institutio-

310 2290 376 2332 nis
406 2289 677 2348 theologicae
709 2292 856 2340 Procli
888 2293 1104 2336 Platonici
1135 2309 1160 2335 a
1189 2294 1262 2336 Io.
1293 2294 1497 2337 Theod.
1528 2295 1663 2337 Voe-

310 2347 472 2388 melio
516 2354 722 2392 curatam.
795 2349 942 2391 Procli
973 2351 1305 2394 commentarius
1336 2351 1410 2393 vix
1441 2350 1663 2394 dimidiam

307 2402 551 2446 Alcibiadis
592 2411 760 2459 partem
801 2407 978 2461 exponit
1019 2406 1264 2463 desinitque
1303 2408 1348 2449 in
1386 2407 1531 2450 verbis
1563 2408 1664 2450 Pla-

308 2459 423 2502 tonis
454 2476 495 2525 p.
532 2463 625 2502 116.
665 2462 722 2503 A.
761 2461 828 2504 ed.
861 2461 1013 2519 Steph.
1046 2463 1175 2507 οὐδὲν
1205 2462 1291 2521 ἄρα
1323 2465 1409 2506 τῶν
1436 2465 1580 2507 καλῶν
1610 2489 1663 2494 -

309 2515 509 2571 ἀγαθον.
550 2519 777 2560 Φαίνεται.

420 2572 623 2616 Eundem
653 2574 800 2617 Procli
832 2576 1185 2619 commentarium
1211 2576 1348 2620 edidit
1374 2577 1504 2619 etiam
1534 2576 1666 2619 Vic-

311 2635 396 2671 tor
425 2628 635 2672 Cousin
666 2630 710 2672 in
741 2631 889 2687 Opere
917 2633 980 2674 sic
1010 2633 1246 2690 inscripto:

427 2686 618 2729 Procli
661 2687 1000 2744 philosophi
1055 2689 1359 2733 Platonici
1415 2687 1606 2745 Opera
1647 2705 1669 2731 e

314 2742 442 2786 codd.
484 2758 584 2787 mss.
624 2743 823 2787 biblioth.
877 2760 967 2801 reg.
1009 2746 1268 2789 Parisiensis
1322 2759 1438 2788 nunc
1487 2745 1674 2801 primum
