1742 2970
349 225 429 266 340
741 214 1224 259 PROIAEGOMENA
1257 213 1312 255 ad

354 331 487 375 reuda
517 338 691 385 statuat,
723 345 902 388 prorsus
932 331 1130 387 ignorare
1161 326 1374 380 videatur,
1405 325 1511 381 quid
1539 330 1707 382 rectum

354 404 405 431 ac
444 394 673 430 venustum
713 388 791 441 sit,
833 387 939 442 quid
969 385 1209 443 elegantiae
1254 382 1400 425 sensui
1425 381 1707 430 contrarium,>

357 444 445 488 Sed
484 443 769 497 luculentiora
810 444 940 486 etiam
980 447 1236 499 argumenta
1275 445 1378 482 sunt
1416 454 1470 481 ex
1511 437 1709 497 oratione⁴

357 508 400 543 et
436 499 643 556 loquendi
682 515 838 557 genere
871 500 1027 553 ducta,
1071 513 1180 554 quae
1211 495 1319 538 adeo
1351 501 1516 538 certum
1542 495 1708 541 faciunt

356 557 522 600 fraudis
561 557 794 611 indicium,
836 570 889 598 ut.
924 556 992 598 vel
1020 553 1266 598 incredulos
1298 567 1348 595 ac
1380 550 1710 607 superstitiosos

355 614 409 657 iis
445 614 608 656 moveri
646 629 824 656 necesse
865 613 935 655 sit.
1008 612 1123 655 Nam
1163 610 1301 652 oratio
1342 609 1505 665 passim
1556 607 1712 652 scabra

357 677 423 713 est
450 676 494 712 et
522 670 680 724 hiulca,
711 670 786 712 vix
815 676 865 711 ut
893 685 1022 711 unam
1052 668 1284 709 alteramve
1308 664 1535 722 periodum
1562 663 1710 720 legere

358 741 508 781 queas,
542 727 646 781 quin
674 734 718 768 te
749 727 911 769 sentias
942 724 1103 768 ostendi
1134 723 1402 780 gravissime.
1460 721 1594 764 Nunc
1624 720 1711 762 sin-

358 783 520 840 gularis
535 783 680 837 aliqua
691 783 921 825 verborum
943 788 986 824 et
1009 780 1325 823 sententiarum
1335 777 1581 830 dissolutio,
1593 791 1711 819 nunc

359 839 610 894 repentinae
650 839 955 892 transitiones,
987 853 1103 879 nunc
1132 835 1370 879 insolentes
1400 833 1711 877 vocabulorum

361 895 715 948 consecutiones,
775 910 892 936 nunc
922 893 1172 936 *affectatae
1224 891 1464 948 elegantiae
1512 903 1709 942 veneres,

358 966 474 993 nunc
515 950 599 992 alia
645 950 916 993 admirabilia
964 949 1150 1006 legentis
1212 948 1399 1005 animum
1452 945 1710 1004 percellunt.

359 1006 531 1061 Quibus
572 1008 772 1050 omnibus
804 1007 989 1049 orationi
1019 1006 1153 1048 vestis
1184 1004 1432 1069 variegatae
1463 1009 1508 1046 et
1532 1017 1591 1046 ex
1620 1001 1710 1044 dis-

359 1064 578 1107 coloribus
608 1065 764 1119 pannis
787 1070 993 1107 consutae
1015 1062 1182 1119 species
1203 1060 1474 1114 conciliatur,
1501 1064 1552 1101 ut
1572 1058 1710 1102 omnis

359 1119 511 1163 deesse
540 1120 740 1162 videatur
778 1121 869 1162 eius
900 1119 1199 1174 aequabilitas.
1257 1116 1478 1160 Haeccine
1506 1130 1611 1158 vero
1641 1129 1712 1158 ec-

360 1177 457 1230 quis
497 1177 579 1219 sibi
617 1177 896 1232 persuadebit
931 1177 993 1218 ita
1032 1191 1120 1217 non
1158 1174 1299 1216 dicam
1328 1188 1365 1225 a
1388 1173 1594 1227 Platone,
1633 1170 1713 1214 sed

360 1234 414 1275 ab
459 1233 546 1275 ullo
596 1234 678 1275 alio
726 1234 935 1290 scriptore
987 1231 1252 1289 elegantiore
1303 1229 1433 1272 scribi
1482 1227 1711 1285 potuisse?

359 1290 574 1332 Nimirum
612 1290 742 1331 talem
782 1290 1061 1345 scriptionem
1094 1294 1287 1344 apertum
1327 1292 1396 1329 est
1432 1301 1530 1328 eum
1565 1284 1712 1341 potius

362 1345 531 1400 decere,
565 1346 638 1401 qui
667 1346 711 1387 in
739 1361 897 1402 magna
933 1345 1095 1401 proprii
1127 1343 1292 1400 ingenii
1323 1349 1366 1385 et
1394 1341 1608 1384 sollertiae
1637 1356 1713 1398 pe-

361 1403 485 1444 nuria
523 1402 704 1444 aliorum
743 1402 973 1444 thesauros
1014 1401 1205 1457 expilare
1237 1405 1367 1454 atque
1394 1405 1603 1441 centones
1633 1413 1713 1440 un-

361 1458 590 1513 decunque
630 1464 824 1514 arreptos
873 1459 1174 1500 consarcinare
1213 1455 1509 1510 consueverit,
1548 1454 1715 1497 scilicet

359 1514 590 1557 facundiae
646 1530 749 1557 suae
791 1515 977 1557 illustria
1027 1514 1172 1569 aliqua
1217 1512 1454 1569 specimina
1499 1510 1713 1556 editurus.

362 1571 579 1626 Pleraque
615 1570 660 1612 id
703 1587 841 1628 genus
887 1571 991 1612 vitia
1019 1570 1181 1626 passim
1211 1570 1258 1611 in
1288 1568 1608 1611 commentariis
1637 1582 1714 1610 no·
1739 1580 1741 1582 ’

362 1628 563 1681 tavimus,
597 1629 801 1682 quoniam
830 1628 891 1668 ita
923 1627 1096 1668 demum
1126 1625 1252 1668 facile
1283 1625 1531 1668 sentiuntur
1549 1630 1595 1667 et
1622 1624 1715 1667 ani-

361 1683 712 1737 madvertuntur,
751 1685 787 1727 si
826 1684 923 1738 quis
956 1682 1116 1725 Graeci
1147 1682 1359 1724 sermonis
1391 1681 1588 1736 sequitur
1617 1696 1714 1738 per-

362 1740 630 1796 petuitatem.
690 1739 780 1784 Sed
807 1755 862 1782 ne
891 1739 975 1781 hoc
1005 1739 1101 1781 loco
1131 1738 1358 1781 videamur
1386 1737 1440 1779 de
1469 1752 1516 1779 re
1546 1737 1714 1794 gravis-

363 1796 494 1850 sima,
535 1802 580 1838 et
611 1811 723 1850 quae
754 1796 807 1838 ad
840 1796 958 1838 litem
996 1794 1319 1837 diiudicandam
1362 1794 1593 1850 plurimum
1639 1808 1714 1836 va-

363 1853 472 1906 leat,
511 1853 685 1894 nonnisi
716 1853 916 1894 universe
947 1851 1133 1905 dixisse,
1168 1866 1262 1908 age,
1294 1858 1466 1907 praeter
1494 1865 1571 1904 ea,
1604 1865 1714 1905 quae

363 1908 417 1950 de
457 1909 540 1950 hoc
589 1924 746 1965 genere
795 1914 946 1950 notata
985 1914 1088 1950 sunt
1125 1908 1178 1950 ab
1219 1907 1387 1950 Astio
1427 1907 1498 1949 De
1537 1906 1636 1954 Via
1671 1912 1715 1948 et

363 1964 549 2021 Scriptis
588 1965 703 2007 Plat.
741 1982 782 2021 p.
821 1965 904 2006 445
931 1979 1020 2019 sq.,
1059 1964 1269 2006 nonnulla
1297 1963 1481 2006 vitiosae
1511 1962 1713 2005 dictionis

363 2021 559 2077 exempla
588 2021 958 2078 consignabimus,
990 2036 1099 2076 quae
1132 2020 1335 2075 quoniam
1358 2019 1431 2066 ,vel
1461 2034 1488 2061 a
1515 2019 1714 2062 Platonis

362 2077 572 2132 loquendi
600 2077 914 2120 consuetudine
944 2077 1012 2119 vel
1050 2077 1104 2119 ab
1135 2077 1321 2132 optimae
1350 2076 1505 2118 aetatis
1534 2089 1620 2117 usu
1647 2090 1714 2117 re-

363 2133 549 2186 cedunt,
592 2134 829 2176 certissime
871 2141 1056 2189 arguent
1102 2139 1236 2174 totam
1275 2131 1388 2173 hanc
1435 2131 1715 2188 scriptionem

363 2188 582 2230 Graeculo
623 2190 754 2232 alicui
802 2189 1053 2245 posterioris
1091 2188 1244 2230 aetatis
1284 2193 1509 2244 acceptam
1552 2188 1711 2230 referri.

362 2245 516 2300 Itaque
551 2260 593 2300 p.
628 2247 720 2288 138.
751 2245 804 2286 B.
836 2244 955 2299 quod
987 2245 1046 2287 dii
1076 2244 1280 2287 dicuntur
1309 2250 1354 2286 ἐν
1385 2243 1519 2303 ταύτῃ
1548 2246 1603 2303 τῇ
1631 2245 1714 2297 ἕξει

363 2302 490 2355 εἶναι,
523 2301 602 2342 ita
634 2301 862 2343 animati
892 2307 944 2343 et
971 2301 1175 2343 affecti
1206 2306 1561 2356 esse5putasne
1580 2300 1713 2345 ullum

363 2356 492 2399 alium
529 2350 737 2412 pristinae
783 2356 1046 2400 Graecitatis
1099 2363 1316 2400 auctorem
1373 2358 1435 2399 ita
1482 2357 1712 2412 loquutum

362 2413 482 2456 esse?
542 2413 637 2455 Imo
666 2413 770 2455 mihi
803 2414 954 2467 crede,
998 2414 1285 2469 posteriorum
1330 2412 1500 2455 demum
1528 2413 1611 2456 scri
1647 2418 1712 2455 to-

362 2485 455 2512 rum
494 2484 574 2512 usu
612 2469 720 2512 haec
756 2470 962 2525 loquendi
1004 2470 1142 2511 forma
1189 2470 1409 2513 celebrata
1445 2474 1524 2517 est.
1641 2484 1710 2525 ag.

365 2527 458 2569 140,
499 2526 551 2567 Β.
593 2526 816 2568 vocabulis
850 2527 1095 2584 ἁπεργασία
1125 2531 1168 2568 et
1196 2526 1522 2580 ἀπεργάζεσθαι
1563 2540 1614 2567 ea
1645 2526 1711 2568 vin

363 2588 406 2625 et
443 2587 636 2638 potestas
675 2583 869 2624 subiecta
907 2589 995 2636 est,
1040 2597 1168 2638 quam
1198 2582 1390 2624 nondum
1420 2580 1606 2624 vidimus
1635 2582 1710 2636 qui

361 2639 431 2683 vel
467 2638 603 2694 ipsius
643 2638 837 2681 Platonis
877 2639 946 2681 vel
987 2639 1168 2681 aliorum
1208 2639 1421 2682 bonorum
1450 2636 1712 2694 scriptorum

362 2695 620 2736 auctoritate
669 2695 1012 2749 confirmaverit,
1062 2709 1139 2737 nee
1176 2709 1367 2750 unquam
1411 2708 1492 2736 nos
1538 2693 1711 2736 visuros

362 2750 670 2793 existimamus.
751 2750 864 2793 Ibid.
912 2749 1221 2808 μεγαλόψυχοι
1269 2766 1348 2807 per
1400 2748 1709 2807 ὑποκορισμὸν
