1742 2970
535 198 944 243 ALCIBIADEM
974 198 1035 240 II.
1388 199 1469 240 345

102 314 270 358 venalis
309 329 484 359 carmen
525 329 654 357 suum
684 314 744 355 ita
775 311 1012 367 concludit,
1045 319 1095 353 ut
1126 311 1307 354 deorum
1339 326 1469 353 curae

99 377 281 416 censeat
329 371 522 428 permitti
569 376 795 428 oportere,
850 369 958 425 quid
990 368 1117 411 nobis
1150 367 1376 426 expediat,
1419 383 1472 410 ea

100 429 321 472 sententia
372 429 503 471 etiam
550 433 642 470 tum
691 428 785 472 sine
826 426 959 470 dubio
1000 425 1236 468 multorum
1280 426 1378 481 fuit,
1410 430 1470 472 *ut

131 492 258 529 cetae
295 500 384 528 non
426 501 539 543 opus
580 485 713 528 fuerit
743 500 836 526 eam
867 499 890 526 e
919 483 1039 526 fonte
1070 481 1180 524 adeo
1213 482 1390 525 turbido
1422 482 1468 523 in'

98 502 298 586 Eortulos
328 557 433 586 suos
464 541 677 584 derivare.
740 542 896 584 Manet
925 541 1061 598 igitur
1092 538 1213 595 quod
1243 546 1371 581 antea
1399 539 1465 581 iu-

99 599 356 654 dicavimus,
388 614 470 642 nec
496 598 743 642 Lucianum
764 614 844 641 nec
875 598 1077 641 Persium
1096 611 1187 638 >nec
1212 596 1465 639 Iuvenalem

31 671 34 677 ’
99 657 186 700 hoc
214 657 326 700 libro
356 671 461 700 usos
490 671 604 712 esse,
637 671 888 713 quanquam
910 670 984 698 eos
1011 653 1127 696 idem
1158 659 1464 710 argumentum

27 757 30 770 ἲ
99 713 299 757 similiter
326 714 583 757 tractavisse
613 714 767 771 negari
796 728 886 755 non
915 718 1077 768 potest.

440 1000 556 1057 DE
603 997 1141 1056 EDITIONIBUS

18 1078 26 1132 i
99 1108 230 1152 huius
269 1108 369 1154 libri
407 1110 462 1153 ab
501 1109 799 1164 Ettwano,
850 1109 1280 1167 Ni‘irnbergero,
1338 1112 1467 1155 Bie-

16 1206 23 1221 ‚·
99 1172 280 1222 stero‚
311 1166 650 1210 Buttmanno
682 1173 726 1210 et
755 1182 974 1224 anonymo
1004 1166 1230 1222 Lipsiensi
1257 1171 1387 1213 factis
1419 1170 1464 1211 in

98 1222 433 1281 Prolegomenis
482 1223 539 1267 ad
589 1223 867 1267 Alcibiadem
924 1223 1112 1280 primum
1167 1228 1462 1283 exposuimus,

15 1291 25 1342 ᾖ,
98 1278 346 1338 Separatim
387 1296 486 1324 eum
524 1282 570 1324 in
607 1297 735 1324 usum
772 1281 964 1324 tironum
1003 1279 1142 1323 edidit
1179 1283 1252 1326 Io.
1300 1284 1465 1327 Henr.

96 1336 236 1380 Iust.
283 1336 520 1396 Kbppen
564 1339 644 1382 sub
695 1338 779 1382 hoc
817 1338 973 1382 titulo:
1022 1338 1264 1383 Platons
1306 1341 1467 1384 Alci-

25 1399 27 1401 ’
97 1393 294 1438 biades
332 1394 429 1438 der
467 1395 692 1451 zweite‚
735 1395 1098 1453 herausgegeben
1136 1413 1223 1440 von
1268 1398 1304 1440 Ι.
1338 1399 1397 1441 H.
1428 1398 1463 1440 I.

96 1451 179 1495 Κό
189 1467 218 1510 p
229 1468 259 1509 p
271 1467 295 1494 e
306 1467 347 1494 n.
362 1496 364 1498 ,
377 1452 726 1511 Braunschweig
741 1486 753 1508 ‚
789 1455 912 1497 1786.
938 1456 984 1497 ’8.
1016 1453 1119 1496 min.
1153 1454 1365 1498 Continet
1394 1455 1463 1498 hic

30 1509 35 1573 ι’
95 1508 207 1553 liber
258 1515 431 1567 praeter
477 1510 653 1554 brevem
695 1511 938 1569 argumenti
987 1512 1305 1555 enarrationem
1356 1529 1464 1570 pau-

95 1565 218 1610 culas
248 1566 553 1611 annotationes
569 1601 582 1623 ⁷
626 1583 738 1624 quae
770 1569 839 1611 vel
871 1566 927 1610 ad
957 1569 1362 1626 interpretationem
1394 1571 1464 1613 vel

96 1622 155 1666 ad
183 1622 527 1667 emendationem
557 1625 831 1681 quorundam
862 1626 1061 1668 locorum
1090 1633 1328 1682 pertinent.
1392 1627 1462 1670 De

22 1720 30 1730 „
91 1680 532 1739 interpretationibus
590 1683 844 1726 vernaculis
913 1682 946 1726 S
962 1699 986 1726 c
996 1683 1052 1725 hl
1066 1697 1089 1725 e
1103 1683 1117 1724 i
1130 1699 1152 1725 e
1165 1700 1186 1725 r
1195 1700 1239 1726 m
1251 1700 1276 1726 a
1287 1701 1311 1728 c
1320 1684 1349 1727 h
1365 1700 1388 1727 e
1399 1701 1421 1726 r
1431 1685 1460 1739 i,

95 1737 246 1783 Hier.
292 1739 432 1782 Mfill
445 1754 468 1782 e
483 1739 553 1795 ri,
594 1740 781 1783 aliorum
794 1773 806 1795 .‚
852 1756 891 1785 V.
934 1741 1039 1784 item
1069 1741 1261 1784 Praefat.
1295 1741 1353 1784 ad
1381 1742 1460 1784 Al—

0 1782 21 1866 ³2.
97 1795 254 1839 cibiad.
285 1795 321 1838 1.

470 1978 520 2035 C
566 1979 618 2037 Ο
660 1981 717 2036 D
760 1981 787 2036 I
829 1981 878 2037 C
920 1982 975 2037 E
1018 1982 1082 2041 S.

100 2107 102 2109 -
185 2085 338 2132 ’Βοᾶλ
378 2103 413 2131 s.
454 2087 601 2132 Clark.
643 2088 778 2133 Coisl.
820 2094 870 2134 Γ.
914 2092 1017 2134 Vat.
1049 2095 1095 2135 Δ.
1135 2092 1247 2134 Ven.
1293 2093 1332 2138 Ξ
1339 2095 1385 2134 ll
1398 2095 1457 2135 Σ.

14 2175 17 2186 2
97 2141 290 2188 Vindob.
323 2159 360 2187 a.
393 2145 598 2190 Bekkero
633 2149 690 2202 Y„
721 2163 747 2189 a
775 2148 901 2191 nobis
934 2150 973 2191 2.
1006 2148 1219 2207 signatus.
1250 2149 1386 2193 Vind.
1419 2152 1458 2193 9.

95 2199 197 2242 Par.
227 2198 484 2246 BCEFG.
515 2204 676 2263 Angel.
707 2220 735 2247 u
767 2223 807 2247 v.
842 2205 1034 2251 Florent.
1066 2222 1104 2249 a.
1138 2206 1178 2249 b.
1210 2223 1247 2250 c.
1281 2207 1323 2249 d.
1356 2207 1384 2250 i.
1416 2223 1457 2250 n.

97 2271 137 2300 o.
177 2257 350 2301 Veneto
390 2261 450 2302 ΙΙ.
483 2277 591 2320 usus
623 2268 689 2315 est
719 2263 850 2306 etiam
870 2263 1080 2308 Niirnber
1113 2280 1226 2307 erus.
1288 2263 1457 2321 Optimi

18 2386 20 2390 λ
95 2319 198 2357 sunt
226 2312 355 2389 B⁰d¹3
388 2314 526 2362 Coisl.
556 2318 661 2362 Vat.
692 2319 807 2363 Ven.
845 2323 901 2364 [Ι.
935 2322 1035 2364 Par.
1115 2354 1124 2363 .
1156 2321 1274 2386 Flor.
1308 2320 1350 2364 d.
