1742 2970
338 192 396 236 2}
851 186 1185 231 PLATONlS

346 302 638 359 sophlsche
666 302 998 344 Gesohichte
1026 302 1120 343 der
1149 304 1381 358 Sprache
1410 303 1690 353 u.Schrift.

345 363 535 405 Mainz.
566 360 688 400 1791.
717 361 759 404 8.
815 360 1011 401 Nimirum
1042 361 1084 400 hi
1113 361 1270 403 demum
1290 362 1576 404 intellexeruut
1605 365 1690 416 pri-

347 433 412 461 ma
435 419 602 459 maxime
620 417 841 471 linguarum
860 418 974 458 initia
993 416 1044 457 ad
1071 419 1332 460 imitationem
1361 423 1526 460 naturae
1554 421 1693 460 solere

347 475 646 517 accommodata
684 487 803 523 esse;
844 475 1050 514 notionum
1094 482 1230 517 autem
1263 477 1551 518 abstrusior-nm
1581 478 1694 529 signa

349 535 476 586 magis
515 544 608 573 esse
645 532 803 576 diversa
842 535 887 571 et
922 531 1156 582 arbitraria,
1191 534 1373 586 quoniam
1401 547 1476 574 eae
1503 546 1594 574 cum
1622 546 1695 574 re-

351 604 440 634 rum
479 594 731 630 externarum
770 593 910 629 natura
951 590 1057 629 varia
1096 591 1254 630 ratione
1283 591 1507 643 comparari
1535 595 1696 643 queant.

354 648 523 687 Omnino
565 650 702 687 autem
739 647 856 686 Plato
885 646 1093 686 verissime
1122 648 1310 688 iudicavit
1337 661 1413 700 per
1442 649 1600 700 linguae
1627 661 1696 688 ra·-

355 707 487 745 tiones
517 703 636 743 sicuti
665 716 742 755 per
771 704 868 743 artis
898 714 1024 755 opere
1053 716 1148 744 usu·
1177 707 1263 744 tum
1295 705 1581 746 necessitatem
1610 710 1698 745 tum

355 763 586 802 libertatem
626 759 832 802 dominari.
907 760 1105 811 Quocirca
1141 767 1267 810 totam
1304 761 1406 802 hanc
1449 774 1608 806 causam
1647 775 1700 801 eo

352 831 483 870 usque
518 816 795 868 profligavisse
834 817 1117 858 existimandus
1146 822 1231 868 est,
1270 824 1316 859 ut
1343 821 1522 872 posteris
1551 819 1701 864 seculis

355 874 456 977 ιιίῐιιξι
492 873 609 972 ferte,
637 873 743 928 quod
790 873 984 933 gravioris
1022 876 1213 920 momenti
1247 881 1383 927 esset,
1421 875 1703 927 affluendum

355 945 401 973 re
418 943 547 990 squern
569 961 581 974 .
805 947 810 952 ·
1495 948 1527 975 h,

466 1011 733 1053 Nihilominus
750 1015 884 1053 autem
903 1012 983 1053 hoc
1011 1017 1287 1066 argumentum
1309 1023 1388 1056 non
1418 1007 1459 1054 id
1488 1017 1567 1064 eat,
1595 1012 1704 1067 quod

353 1070 622 1128 philosophus
670 1076 837 1122 praeter
882 1083 1100 1124 perversae
1157 1071 1426 1126 etymologiae
1475 1070 1706 1111 irrisionem

355 1129 579 1181 praecipuo
619 1126 752 1167 studio
793 1127 874 1167 hoc
913 1128 954 1167 in
994 1128 1098 1170 libro
1128 1128 1374 1171 tractaverit.
1431 1127 1532 1169 Nam
1563 1139 1639 1181 ego
1669 1128 1706 1169 si

355 1184 452 1240 quid
489 1184 630 1233 video,
667 1183 768 1223 illud
808 1185 944 1236 potius
984 1186 1069 1238 egit
1107 1197 1225 1237 quam
1260 1186 1453 1235 maxime,
1493 1189 1539 1227 ut
1567 1197 1707 1228 rerum

357 1242 631 1293 cognitionem
660 1253 738 1280 non
774 1253 823 1280 ex
857 1243 1009 1282 umbris
1044 1243 1352 1291 vocabulorum,
1403 1241 1476 1282 sed
1524 1254 1573 1282 ex
1616 1243 1707 1295 ipsa

361 1312 498 1340 earum
526 1299 566 1338 vi
595 1304 637 1337 et
663 1302 804 1339 natura
832 1298 1088 1339 hauriendam
1119 1312 1213 1340 esse
1241 1299 1422 1340 doceret.
1481 1299 1527 1339 In
1555 1311 1632 1351 qua
1660 1312 1709 1340 re

360 1356 484 1395 veluti
514 1368 667 1395 summa
694 1356 820 1394 totius
851 1357 988 1408 operis
1019 1357 1258 1396 continetur.
1323 1356 1486 1396 Etenim
1521 1355 1709 1396 Heracli-

358 1414 418 1455 tei
460 1417 503 1453 et
540 1412 720 1451 fortasse
751 1413 870 1451 etiam
909 1414 976 1452 alii
1011 1414 1119 1454 illius
1148 1414 1292 1453 aetatis
1321 1412 1558 1466 philosophi
1587 1425 1710 1466 quum

358 1469 603 1521 etymologia
644 1469 700 1508 ita
740 1469 852 1508 abusi
884 1474 1045 1518 essent,
1083 1475 1129 1510 ut
1165 1483 1237 1510 sua
1266 1471 1446 1523 ipsorum
1475 1470 1709 1523 opinionum

360 1530 586 1568 commenta
627 1524 768 1564 exinde
808 1527 1112 1576 confirmarent,
1156 1526 1386 1568 faciendum
1439 1527 1709 1583 philosophus

359 1583 573 1631 iudicavit,
604 1587 649 1620 ut
677 1594 756 1622 non
785 1583 905 1622 modo
933 1583 1094 1624 illorum
1124 1585 1322 1631 rationem
1349 1583 1504 1624 rideret
1535 1589 1579 1624 et
1609 1596 1710 1627 con-

359 1640 559 1685 velleret,
600 1638 675 1678 sed
713 1640 832 1682 etiam
871 1653 983 1680 suam
1017 1641 1144 1697 ipsiu:
1173 1641 1226 1680 de
1253 1639 1356 1681 ideis
1386 1641 1606 1682 doctrinam
1636 1653 1710 1695 *eo-

364 1710 455 1737 rum
484 1696 662 1736 decretis
701 1701 928 1748 opponeret
958 1709 1086 1749 eaque
1115 1698 1272 1737 ratione
1300 1697 1611 1747 demonstraret,
1641 1710 1711 1739 so-

361 1754 441 1794 lam
472 1765 566 1794 esse
605 1753 855 1792 dialecticam
894 1767 1064 1806 eamque
1097 1759 1212 1795 recte
1238 1753 1517 1803 informatam,
1553 1768 1631 1808 qua
1659 1755 1711 1797 ad

361 1812 544 1851 veritatis
575 1811 846 1861 cognitionem
876 1813 1167 1863 perveniretur.
1223 1811 1421 1863 Quocirca
1451 1810 1610 1865 dialogo
1639 1824 1709 1852 ex·

363 1873 494 1908 tremo
534 1867 756 1907 doctrinam
796 1867 848 1907 de
883 1868 986 1908 ideis
1026 1869 1277 1921 opinionibus
1320 1868 1647 1910 Heracliteorum
1684 1882 1711 1909 e

362 1925 530 1976 regione
571 1924 795 1966 collocavit.
862 1925 1093 1977 Quanquam
1121 1925 1230 1965 illam
1268 1927 1498 1978 neutiquam
1527 1927 1605 1968 iam
1633 1938 1711 1982 pro

363 1986 477 2021 certa
496 1986 540 2021 et
564 1981 777 2031 explorata
793 1982 1029 2031 'venditavin
1061 1982 1132 2022 sed
1162 1995 1252 2023 cum
1270 1983 1425 2023 somnio
1440 1983 1574 2036 aliquo
1595 1995 1711 2024 com-

363 2040 530 2096 paravit.
566 2030 862 2078 'Veruntamen
899 2039 996 2078 illud
1037 2040 1263 2082 certissime
1300 2036 1487 2081 iudicavit
1524 2052 1618 2080 ease
1646 2044 1711 2080 te-

363 2096 602 2139 merarium,
633 2095 669 2133 si
699 2096 786 2147 quis
816 2096 1019 2138 vocabulis
1047 2096 1139 2152 plus
1170 2109 1285 2150 quam
1324 2097 1402 2151 ipsi
1440 2108 1575 2139 rerum
1602 2097 1708 2138 veri-

363 2153 437 2192 tati
467 2152 678 2194 tribueret.

481 2241 703 2295 Superest.
743 2247 790 2282 ut
830 2244 1100 2294 quaerendum
1133 2244 1210 2292 sit,
1238 2256 1317 2297 quo
1347 2247 1534 2297 tempore
1561 2243 1630 2284 hic
1658 2244 1709 2284 li·

366 2301 441 2340 ber
470 2299 601 2338 literis
630 2300 887 2351 consignatus
918 2302 971 2340 sit
999 2306 1122 2353 atque
1149 2302 1190 2341 in
1218 2301 1349 2341 lucem
1380 2302 1525 2341 editus.
1583 2301 1708 2340 Cuius

364 2358 424 2396 rei
462 2357 607 2395 indicia
650 2358 892 2408 paucissima
935 2371 1062 2410 eaque
1100 2370 1179 2398 non
1219 2359 1327 2398 omni
1368 2372 1417 2398 ex
1456 2362 1573 2412 parte
1607 2358 1709 2398 satie

366 2416 482 2453 certa
519 2414 560 2451 in
601 2424 651 2451 eo
687 2415 962 2465 reperiuntur.
1029 2414 1132 2455 Nam
1171 2426 1221 2456 ex
1248 2428 1290 2468 p.
1329 2415 1429 2456 385.
1458 2415 1508 2458 Β.
1536 2414 1616 2454 etsi
1644 2415 1706 2454 in-

366 2469 587 2522 telligimus
627 2471 825 2524 scriptum
864 2484 955 2512 eum
991 2485 1085 2512 esse
1121 2476 1217 2525 post
1252 2472 1500 2525 Protagorae
1537 2471 1708 2522 obitum,

368 2531 503 2567 tamen
533 2538 685 2576 anum,
715 2532 808 2568 ante
838 2542 956 2580 quem
986 2530 1163 2582 scriptus
1193 2529 1412 2570 existimari
1439 2529 1598 2577 debeat,
1627 2541 1709 2569 non

368 2588 513 2638 potest
541 2595 670 2634 aeque
698 2589 813 2625 certo
843 2585 1012 2627 definiri.
1068 2585 1259 2627 Mortuus
1276 2591 1282 2609 -’
1302 2590 1434 2627 autem
1463 2585 1708 2638 Protagoras

367 2641 526 2681 videtur
565 2652 666 2679 auno
705 2646 798 2681 ante
835 2643 934 2683 Chr.
974 2642 1070 2685 410.
1100 2655 1171 2683 sex
1198 2643 1290 2684 fere
1318 2643 1428 2685 annis
1456 2646 1550 2682 ante
1585 2643 1707 2684 linem

372 2698 474 2739 belli
505 2697 858 2748 Peloponnesiaci,
883 2700 1077 2751 siquidem
1106 2701 1333 2741 verisimilis
1363 2703 1427 2740 est
1453 2700 1557 2739 ratio
1585 2699 1705 2740 Fre-

372 2755 489 2796 reti
520 2755 560 2796 in
597 2754 729 2797 libro:
787 2755 1071 2799 Memoires
1101 2756 1159 2798 de
1186 2757 1466 2799 l'Academ.
1495 2756 1587 2798 des
1626 2757 1705 2798 ln-
