1742 2970
345 212 402 251 20
848 201 1187 254 PLATole

350 325 529 366 Platonis
559 323 789 378 magistrum
819 323 969 373 fuisse,
1004 324 1047 365 id
1073 325 1138 366 his
1169 325 1379 374 omnibus,
1416 336 1520 378 quae
1553 326 1606 368 de
1634 339 1685 368 eo

349 383 580 430 retulimus,
608 384 705 422 satis
733 386 848 422 certo
876 381 1145 434 redarguitur,
1169 387 1214 423 ut
1241 383 1542 435 haudquaquam
1569 385 1685 426 ‹lubi-

352 446 437 480 tem
466 440 653 480 assentiri
691 438 770 480 Fr.
813 440 879 480 As
892 441 967 479 tio
1007 439 1070 479 De
1107 439 1202 481 Vita
1241 443 1284 480 et
1310 439 1483 492 Scriptis
1506 440 1609 482 Pht.
1644 453 1686 494 p.

352 497 421 539 20
478 500 522 537 et
570 495 803 536 Groenio
857 508 949 537 van
1001 496 1316 537 Prinsterer
1361 496 1687 566 Prosopograph.

349 553 454 594 Plat.
485 566 523 605 p.
551 552 647 594 225.
677 558 803 593 totam
832 566 918 593 rem
946 557 1104 594 temere
1132 553 1272 594 fictam
1300 557 1345 594 et
1362 555 1594 595 ementitam
1620 557 1689 595 iu-

350 610 588 652 dicantibus.
644 610 801 662 Nempe
836 611 1022 677 quisquis
1054 611 1158 662 apud
1195 611 1417 664 Diogenem
1451 616 1596 652 auctor
1623 615 1689 652 est
1740 654 1742 658 Α

350 669 583 707 verborum:
610 662 859 723 Ἑοιιογένει
885 667 948 720 τῷ
972 662 1026 708 τὰ
1054 667 1342 723 ΙΙαρμενίὸου
1358 667 1690 736 φιλοσοφοῦντι

351 729 396 765 et
423 725 641 777 particulae
661 738 705 764 τε
732 729 827 774 post
847 719 1063 777 Κρατύλῳ
1091 726 1264 776 positae,
1290 725 1463 766 inseruit
1490 737 1539 765 ea
1565 725 1692 765 homo

350 783 474 834 longe
510 781 809 831 ineptissimus,
847 781 913 832 qui
951 793 1068 833 quum
1108 782 1331 834 ctatylum
1352 782 1483 822 fuisse
1509 781 1691 823 Platonis

351 839 588 890 magistrum
624 837 819 888 legisset,
858 850 1013 877 memor
1051 837 1343 890 Hermogenis,
1381 839 1449 890 qui
1483 850 1562 880 una
1600 851 1692 879 cum

353 895 425 934 illo
453 894 494 933 in
522 894 600 932 hoc
630 894 733 932 libro
765 894 932 944 loquens
961 893 1147 934 inductus
1177 899 1313 944 esset,
1353 899 1545 948 protenus
1572 895 1692 936 huius

353 962 512 1002 quoque
540 963 686 990 nomen
713 950 874 999 allevit,
906 953 953 989 ut
980 962 1031 990 ne
1061 950 1326 1003 philosophus
1353 952 1468 992 unius
1495 951 1695 994 Heracliti

353 1008 537 1048 doctrina
563 1008 738 1047 imbutus
776 1018 870 1046 esse
906 1006 1122 1050 videretur.
1187 1007 1304 1048 Haec
1340 1007 1393 1049 de
1420 1007 1695 1063 Hermogene.

352 1064 564 1117 Pergimus
599 1063 649 1103 ad
686 1063 892 1117 cratylum
906 1093 919 1116 ,
966 1065 1078 1106 cuius
1115 1065 1275 1107 nomIne
1309 1063 1377 1106 hic
1413 1064 1596 1120 dialogus
1633 1066 1697 1108 iu·

355 1123 528 1176 scriptus
557 1125 632 1162 est.

467 1235 636 1289 Negavit
665 1240 798 1275 autem
835 1234 917 1275 Fr.
946 1236 1141 1277 Aetius
1177 1248 1217 1289 p.
1249 1235 1338 1285 19„
1375 1233 1441 1276 cui
1477 1236 1697 1276 assentitur

357 1293 625 1335 Socherus
658 1293 720 1332 De
757 1292 929 1344 Scriptis
968 1293 1148 1334 Platonis
1189 1306 1227 1345 p.
1268 1293 1364 1334 162.
1406 1292 1511 1332 hunc
1550 1292 1694 1345 craty-

353 1352 437 1392 lum
476 1364 569 1391 esse
607 1350 803 1399 eundem,
843 1350 910 1401 qui
945 1349 1105 1391 Platoni
1142 1352 1292 1402 primus
1329 1348 1588 1391 Heracliteae
1629 1362 1694 1389 sa-

354 1409 532 1462 pientiae
563 1408 745 1447 notitiam
786 1407 1032 1459 impertiisse
1071 1411 1278 1456 narratur,
1326 1409 1544 1459 propterea
1587 1407 1695 1458 quod

353 1464 618 1518 philosophus
655 1476 732 1503 non
757 1463 916 1504 lfuisaet
952 1465 1259 1514 commissurus,
1297 1467 1344 1503 ut
1371 1474 1485 1512 eum,
1524 1474 1695 1514 quocum

353 1523 431 1575 ipsi
461 1525 571 1562 tanta
597 1522 900 1561 intercessisset
926 1521 1123 1571 amicitia,
1163 1525 1246 1561 tam
1275 1519 1381 1560 male
1409 1519 1580 1560 haberet
1607 1525 1694 1560 tur-

354 1582 540 1632 piterque
576 1577 772 1620 laederet.
833 1577 895 1617 De
929 1590 1006 1628 qua
1043 1577 1089 1617 r'e
1126 1577 1226 1618 mihi
1260 1575 1398 1617 fateor
1425 1577 1547 1629 longe
1575 1589 1693 1616 secus

354 1637 494 1677 videri.
558 1634 660 1682 Nam
697 1635 865 1686 primum
904 1634 1063 1685 quidem
1105 1634 1158 1674 de
1193 1633 1349 1675 duobus
1375 1632 1552 1686 Gratylis
1593 1634 1692 1675 nihil

354 1705 519 1745 usquam
549 1692 765 1739 memoriae
791 1691 994 1743 proditum
1021 1690 1218 1743 legimus,
1245 1701 1324 1730 uec
1350 1689 1597 1730 Aristoteles
1622 1696 1693 1731 aut

355 1751 547 1803 Apuleius
570 1748 722 1800 aliquid
757 1748 969 1796 adiiciunt,
1007 1748 1112 1788 unde
1148 1747 1346 1800 magister
1369 1745 1603 1800 philosophi
1639 1748 1691 1788 ab

354 1808 487 1848 altero
515 1806 784 1858 dignoscatur.
839 1804 956 1872 Quod
985 1809 1122 1845 tamen
1140 1803 1358 1844 verisimile
1372 1807 1439 1844 est
1455 1815 1529 1844 eos
1555 1804 1690 1844 factu-

354 1877 424 1905 ros
454 1863 609 1911 fuisse,
644 1873 765 1913 quum
793 1861 860 1900 hic
898 1863 986 1914 ipse
1022 1861 1128 1901 liber
1154 1860 1309 1913 Cratyli
1350 1860 1512 1902 nomine
1545 1860 1690 1902 iuscri-

355 1926 450 1988 ptus
466 1921 515 1961 iis
541 1921 702 1972 ignotus
722 1931 816 1959 esse
838 1930 915 1958 non
937 1919 1130 1971 potuerit.
1185 1916 1343 1957 Deinde
1359 1928 1480 1969 quum
1499 1916 1601 1958 hic
1586 1930 1691 1970 lpse,
1712 1942 1717 1953 κ

355 1979 468 2018 cuius
504 1988 642 2017 mores
679 1979 723 2015 et
759 1977 959 2028 ingenium
994 1976 1037 2015 in
1069 1974 1151 2015 hoc
1179 1986 1366 2014 sermone
1390 1972 1690 2027 adumbrantur,

354 2033 614 2075 Heracliteae
656 2033 723 2073 vel
767 2033 903 2084 potius
936 2032 1211 2083 Protagoreae
1259 2026 1470 2072 doctrinae
1505 2031 1687 2071 addictus

354 2093 434 2140 sit,
469 2103 543 2142 per
582 2103 628 2129 se
663 2090 785 2141 longe
813 2093 878 2128 est
905 2086 1233 2128 verisimillimum
1261 2099 1351 2127 eum
1379 2099 1474 2129 esse
1504 2088 1688 2136 eundem,

353 2149 421 2199 qui
463 2147 671 2186 Platonem
715 2145 1014 2184 adolescentem
1057 2138 1384 2185 Heracliteorum
1429 2143 1689 2202 decretorum

353 2205 496 2245 notitia
531 2202 785 2250 instruxerit,
829 2201 906 2241 uisi
943 2200 1055 2240 forte
1089 2201 1319 2241 existimare
1355 2193 1531 2242 volueris
1565 2201 1687 2243 alium

354 2262 475 2301 etiam
502 2270 671 2309 eumque
700 2258 828 2298 multo
855 2257 1120 2297 celebriorem
1147 2257 1327 2301 eiusdem
1348 2259 1526 2299 nominis
1554 2259 1686 2311 philo-

354 2317 525 2370 sophum
556 2316 725 2364 vixisse,
771 2315 838 2366 qui
872 2314 914 2355 in
947 2313 1029 2354 hoc
1066 2325 1255 2357 sermone
1286 2314 1349 2363 sic
1382 2316 1562 2368 potuerit
1596 2315 1685 2356 sine

352 2375 435 2415 ulla
468 2373 629 2425 generis
670 2375 713 2411 et
747 2382 903 2413 morum
938 2371 1146 2411 notatione
1179 2370 1350 2424 loqfflns
1383 2371 1527 2414 induci.
1590 2370 1683 2419 Huc

352 2430 511 2472 accedit
543 2429 737 2479 denique,
775 2428 884 2479 quod
902 2427 1011 2480 apud
1035 2427 1303 2470 Aristotelem
1327 2440 1381 2470 ne
1402 2427 1568 2468 verbum
1595 2428 1690 2479 qui-‘

353 2489 446 2528 dem
474 2487 622 2537 legitur
648 2486 701 2525 de
727 2485 920 2532 amicitia,
958 2495 1061 2536 quae
1088 2485 1195 2525 inter
1221 2483 1424 2539 Gratylum
1463 2490 1506 2524 et
1540 2483 1680 2524 Plato-

353 2558 446 2586 nem
471 2542 765 2586 intercesserit.
819 2541 969 2583 Scribit
987 2541 1092 2582 enim
1109 2540 1322 2608 Stagirites
1348 2541 1472 2582 haec·
1500 2542 1548 2581 ὲκ
1574 2542 1680 2582 νέου

352 2594 1531 2723 κῗέηἴιέἴζῗέἔοῗιέοἱ,ςπέἕέἕῖωἷῖἶὶυὲῗσέἔωῖαὲἓ,
1546 2591 1683 2709 ’(,Ῑῖἓῗῖ

351 2729 439 2756 των
468 2713 542 2755 καὶ
567 2707 804 2779 ὲπιστημης
826 2711 926 2765 περὶ
953 2708 1097 2753 αὐτῶν
1127 2708 1206 2753 οὐκ
1235 2705 1391 2761 οὔσης,
1431 2709 1571 2751 ταῦτα
1595 2709 1683 2764 μὲν

272 2826 278 2834 ἢ
351 2769 535 2828 ὔστερον
573 2766 738 2819 οὕτως
749 2766 952 2822 ὑπέλαβε.
1011 2769 1150 2822 ltaque
1186 2768 1266 2810 hoc
1302 2771 1454 2812 tantum
1491 2766 1562 2814 ille
1585 2778 1681 2811 nor-⁵
