<?xml version="1.0" encoding="UTF-8"?>
<!DOCTYPE html PUBLIC "-//W3C//DTD XHTML 1.0 Transitional//EN"
    "http://www.w3.org/TR/xhtml1/DTD/xhtml1-transitional.dtd">
<html xmlns="http://www.w3.org/1999/xhtml" xml:lang="en" lang="en">
 <head>
  <title>
</title>
<meta http-equiv="Content-Type" content="text/html;charset=utf-8" />
  <meta name='ocr-system' content='tesseract 3.04.00' />
  <meta name='ocr-capabilities' content='ocr_page ocr_carea ocr_par ocr_line ocrx_word'/>
</head>
<body>
  <div class='ocr_page' id='page_1' title='image "./operaomniarecens05platuoft/operaomniarecens05platuoft_0211.png"; bbox 0 0 1742 2970; ppageno 0'>
   <div class='ocr_carea' id='block_1_1' title="bbox 0 0 57 2600">
    <p class='ocr_par' dir='ltr' id='par_1_1' title="bbox 0 0 57 2600">
     <span class='ocr_line' id='line_1_1' title="bbox 0 0 57 2600; baseline 0 0"><span class='ocrx_word' id='word_1_1' title='bbox 0 0 57 2600; x_wconf 95' lang='lat' dir='ltr'> </span> 
     </span>
    </p>
   </div>
   <div class='ocr_carea' id='block_1_2' title="bbox 2 2702 34 2970">
    <p class='ocr_par' dir='ltr' id='par_1_2' title="bbox 2 2702 34 2970">
     <span class='ocr_line' id='line_1_2' title="bbox 2 2702 34 2970; baseline 0 0"><span class='ocrx_word' id='word_1_2' title='bbox 2 2702 34 2970; x_wconf 95' lang='lat' dir='ltr'> </span> 
     </span>
    </p>
   </div>
   <div class='ocr_carea' id='block_1_3' title="bbox 548 197 1466 244">
    <p class='ocr_par' dir='ltr' id='par_1_3' title="bbox 548 197 1466 244">
     <span class='ocr_line' id='line_1_3' title="bbox 548 197 1466 244; baseline 0.002 -2"><span class='ocrx_word' id='word_1_3' title='bbox 548 197 956 242; x_wconf 76' lang='lat' dir='ltr'>ALCIBIADEM</span> <span class='ocrx_word' id='word_1_4' title='bbox 987 198 1022 240; x_wconf 94' lang='lat' dir='ltr'>I.</span> <span class='ocrx_word' id='word_1_5' title='bbox 1384 202 1466 244; x_wconf 75' lang='lat'>205</span> 
     </span>
    </p>
   </div>
   <div class='ocr_carea' id='block_1_4' title="bbox 97 313 1470 721">
    <p class='ocr_par' dir='ltr' id='par_1_4' title="bbox 97 313 1469 598">
     <span class='ocr_line' id='line_1_4' title="bbox 100 313 1467 371; baseline -0.002 -12"><span class='ocrx_word' id='word_1_6' title='bbox 100 315 250 370; x_wconf 77' lang='lat' dir='ltr'>Quum</span> <span class='ocrx_word' id='word_1_7' title='bbox 270 321 416 359; x_wconf 74' lang='lat' dir='ltr'>autem</span> <span class='ocrx_word' id='word_1_8' title='bbox 440 314 522 370; x_wconf 81' lang='lat' dir='ltr'>qui·</span> <span class='ocrx_word' id='word_1_9' title='bbox 546 320 718 371; x_wconf 75' lang='lat' dir='ltr'>peccat,</span> <span class='ocrx_word' id='word_1_10' title='bbox 750 313 867 355; x_wconf 88' lang='lat' dir='ltr'>idem</span> <span class='ocrx_word' id='word_1_11' title='bbox 901 313 1033 355; x_wconf 87' lang='lat' dir='ltr'>miser</span> <span class='ocrx_word' id='word_1_12' title='bbox 1063 313 1136 367; x_wconf 80' lang='lat' dir='ltr'>sit,</span> <span class='ocrx_word' id='word_1_13' title='bbox 1168 328 1280 367; x_wconf 79' lang='lat' dir='ltr'>eum,</span> <span class='ocrx_word' id='word_1_14' title='bbox 1315 314 1391 369; x_wconf 85' lang='lat' dir='ltr'>qui</span> <span class='ocrx_word' id='word_1_15' title='bbox 1421 329 1467 356; x_wconf 75' lang='lat' dir='ltr'>se</span> 
     </span>
     <span class='ocr_line' id='line_1_5' title="bbox 102 370 1469 428; baseline -0.001 -12"><span class='ocrx_word' id='word_1_16' title='bbox 102 387 192 416; x_wconf 82' lang='lat' dir='ltr'>nen</span> <span class='ocrx_word' id='word_1_17' title='bbox 222 372 420 426; x_wconf 73' lang='lat' dir='ltr'>noverit,</span> <span class='ocrx_word' id='word_1_18' title='bbox 458 372 505 415; x_wconf 83' lang='lat' dir='ltr'>in</span> <span class='ocrx_word' id='word_1_19' title='bbox 546 370 736 428; x_wconf 81' lang='lat' dir='ltr'>publicis</span> <span class='ocrx_word' id='word_1_20' title='bbox 765 370 931 427; x_wconf 87' lang='lat' dir='ltr'>pariter</span> <span class='ocrx_word' id='word_1_21' title='bbox 960 376 1093 426; x_wconf 85' lang='lat' dir='ltr'>atque</span> <span class='ocrx_word' id='word_1_22' title='bbox 1124 371 1306 427; x_wconf 85' lang='lat' dir='ltr'>privatis</span> <span class='ocrx_word' id='word_1_23' title='bbox 1336 370 1469 414; x_wconf 79' lang='lat' dir='ltr'>rebus</span> 
     </span>
     <span class='ocr_line' id='line_1_6' title="bbox 97 427 1468 488; baseline -0.001 -16"><span class='ocrx_word' id='word_1_24' title='bbox 97 428 324 488; x_wconf 77' lang='lat' dir='ltr'>gerendis·</span> <span class='ocrx_word' id='word_1_25' title='bbox 344 429 552 473; x_wconf 82' lang='lat' dir='ltr'>miserum</span> <span class='ocrx_word' id='word_1_26' title='bbox 602 442 701 471; x_wconf 88' lang='lat' dir='ltr'>esse</span> <span class='ocrx_word' id='word_1_27' title='bbox 750 428 1035 484; x_wconf 83' lang='lat' dir='ltr'><strong>consequitur</strong></span> <span class='ocrx_word' id='word_1_28' title='bbox 1047 459 1059 479; x_wconf 78' lang='grc'>,</span> <span class='ocrx_word' id='word_1_29' title='bbox 1109 427 1309 483; x_wconf 84' lang='lat' dir='ltr'>adeoque</span> <span class='ocrx_word' id='word_1_30' title='bbox 1359 427 1468 472; x_wconf 85' lang='lat' dir='ltr'>alios</span> 
     </span>
     <span class='ocr_line' id='line_1_7' title="bbox 101 484 1469 543; baseline -0.001 -13"><span class='ocrx_word' id='word_1_31' title='bbox 101 501 278 543; x_wconf 85' lang='lat' dir='ltr'>quoque</span> <span class='ocrx_word' id='word_1_32' title='bbox 312 484 496 542; x_wconf 76' lang='lat' dir='ltr'>reddere</span> <span class='ocrx_word' id='word_1_33' title='bbox 535 484 740 540; x_wconf 77' lang='lat' dir='ltr'>miseros,</span> <span class='ocrx_word' id='word_1_34' title='bbox 783 501 938 542; x_wconf 89' lang='lat' dir='ltr'>quum-</span> <span class='ocrx_word' id='word_1_35' title='bbox 957 484 1130 527; x_wconf 83' lang='lat' dir='ltr'>sublata</span> <span class='ocrx_word' id='word_1_36' title='bbox 1175 485 1339 528; x_wconf 88' lang='lat' dir='ltr'>virtute</span> <span class='ocrx_word' id='word_1_37' title='bbox 1388 501 1469 528; x_wconf 86' lang='lat' dir='ltr'>nec</span> 
     </span>
     <span class='ocr_line' id='line_1_8' title="bbox 101 541 1468 598; baseline -0.001 -11"><span class='ocrx_word' id='word_1_38' title='bbox 101 543 353 589; x_wconf 72' lang='lat' dir='ltr'>civitatibus</span> <span class='ocrx_word' id='word_1_39' title='bbox 367 558 405 586; x_wconf 70' lang='grc' dir='ltr'>Δο</span> <span class='ocrx_word' id='word_1_40' title='bbox 439 558 484 585; x_wconf 90' lang='lat' dir='ltr'>es</span> <span class='ocrx_word' id='word_1_41' title='bbox 514 548 647 598; x_wconf 81' lang='lat' dir='ltr'>atque</span> <span class='ocrx_word' id='word_1_42' title='bbox 668 541 847 585; x_wconf 84' lang='lat' dir='ltr'>divitiae</span> <span class='ocrx_word' id='word_1_43' title='bbox 867 541 999 584; x_wconf 87' lang='lat' dir='ltr'>ullam</span> <span class='ocrx_word' id='word_1_44' title='bbox 1020 541 1205 584; x_wconf 82' lang='lat' dir='ltr'>afferant</span> <span class='ocrx_word' id='word_1_45' title='bbox 1221 543 1468 585; x_wconf 83' lang='lat' dir='ltr'><strong>utilitatem.</strong></span> 
     </span>
    </p>

    <p class='ocr_par' dir='ltr' id='par_1_5' title="bbox 97 598 1470 721">
     <span class='ocr_line' id='line_1_9' title="bbox 197 598 1469 658; baseline -0.002 -13"><span class='ocrx_word' id='word_1_46' title='bbox 197 600 316 646; x_wconf 74' lang='lat' dir='ltr'>-Hie</span> <span class='ocrx_word' id='word_1_47' title='bbox 331 604 415 657; x_wconf 80' lang='lat' dir='ltr'>exp</span> <span class='ocrx_word' id='word_1_48' title='bbox 433 599 563 642; x_wconf 83' lang='lat' dir='ltr'>icatis</span> <span class='ocrx_word' id='word_1_49' title='bbox 593 598 801 643; x_wconf 79' lang='lat' dir='ltr'><strong>Socrates</strong></span> <span class='ocrx_word' id='word_1_50' title='bbox 822 599 1013 654; x_wconf 90' lang='lat' dir='ltr'>denique</span> <span class='ocrx_word' id='word_1_51' title='bbox 1036 598 1314 642; x_wconf 84' lang='lat' dir='ltr'>Alcibiadem</span> <span class='ocrx_word' id='word_1_52' title='bbox 1344 616 1469 658; x_wconf 84' lang='lat' dir='ltr'>gra-</span> 
     </span>
     <span class='ocr_line' id='line_1_10' title="bbox 97 656 1470 721; baseline -0.001 -20"><span class='ocrx_word' id='word_1_53' title='bbox 97 656 489 705; x_wconf 71' lang='lat' dir='ltr'>vitereohort</span> <span class='ocrx_word' id='word_1_54' title='bbox 503 663 652 711; x_wconf 86' lang='lat' dir='ltr'>atur,</span> <span class='ocrx_word' id='word_1_55' title='bbox 682 663 764 713; x_wconf 76' lang='lat' dir='ltr'>ut,</span> <span class='ocrx_word' id='word_1_56' title='bbox 787 657 1127 721; x_wconf 35' lang='lat' dir='ltr'>’priusquam</span> <span class='ocrx_word' id='word_1_57' title='bbox 1156 657 1470 713; x_wconf 84' lang='lat' dir='ltr'>rempubli-</span> 
     </span>
    </p>
   </div>
   <div class='ocr_carea' id='block_1_5' title="bbox 80 713 1472 771">
    <p class='ocr_par' dir='ltr' id='par_1_6' title="bbox 80 713 1472 771">
     <span class='ocr_line' id='line_1_11' title="bbox 80 713 1472 771; baseline -0.001 -13"><span class='ocrx_word' id='word_1_58' title='bbox 80 730 225 758; x_wconf 51' lang='lat' dir='ltr'>eam¹</span> <span class='ocrx_word' id='word_1_59' title='bbox 255 720 554 771; x_wconf 67' lang='lat' dir='ltr'>capessat,</span> <span class='ocrx_word' id='word_1_60' title='bbox 594 713 704 770; x_wconf 85' lang='lat' dir='ltr'>ipsi</span> <span class='ocrx_word' id='word_1_61' title='bbox 744 714 957 756; x_wconf 80' lang='lat' dir='ltr'>virtuti</span> <span class='ocrx_word' id='word_1_62' title='bbox 988 713 1240 766; x_wconf 84' lang='lat' dir='ltr'>studeat3</span> <span class='ocrx_word' id='word_1_63' title='bbox 1279 729 1381 756; x_wconf 82' lang='lat' dir='ltr'>nam</span> <span class='ocrx_word' id='word_1_64' title='bbox 1409 714 1472 756; x_wconf 84' lang='lat' dir='ltr'>ita</span> 
     </span>
    </p>
   </div>
   <div class='ocr_carea' id='block_1_6' title="bbox 98 770 1472 884">
    <p class='ocr_par' dir='ltr' id='par_1_7' title="bbox 98 770 1472 884">
     <span class='ocr_line' id='line_1_12' title="bbox 99 770 1470 825; baseline -0.001 -10"><span class='ocrx_word' id='word_1_65' title='bbox 99 771 274 815; x_wconf 82' lang='lat' dir='ltr'>demum</span> <span class='ocrx_word' id='word_1_66' title='bbox 292 772 487 814; x_wconf 86' lang='lat' dir='ltr'>futurum</span> <span class='ocrx_word' id='word_1_67' title='bbox 518 786 630 825; x_wconf 78' lang='lat' dir='ltr'>esse,</span> <span class='ocrx_word' id='word_1_68' title='bbox 663 777 712 813; x_wconf 92' lang='lat' dir='ltr'>ut</span> <span class='ocrx_word' id='word_1_69' title='bbox 733 776 778 813; x_wconf 89' lang='lat' dir='ltr'>et</span> <span class='ocrx_word' id='word_1_70' title='bbox 808 771 892 814; x_wconf 83' lang='lat' dir='ltr'>sibi</span> <span class='ocrx_word' id='word_1_71' title='bbox 922 777 967 814; x_wconf 90' lang='lat' dir='ltr'>et</span> <span class='ocrx_word' id='word_1_72' title='bbox 997 771 1167 814; x_wconf 87' lang='lat' dir='ltr'>civitati</span> <span class='ocrx_word' id='word_1_73' title='bbox 1184 787 1333 814; x_wconf 88' lang='lat' dir='ltr'>veram</span> <span class='ocrx_word' id='word_1_74' title='bbox 1363 770 1470 814; x_wconf 82' lang='lat' dir='ltr'>affe·</span> 
     </span>
     <span class='ocr_line' id='line_1_13' title="bbox 98 827 1472 884; baseline -0.002 -10"><span class='ocrx_word' id='word_1_75' title='bbox 98 834 168 874; x_wconf 70' lang='lat' dir='ltr'>rat</span> <span class='ocrx_word' id='word_1_76' title='bbox 195 827 452 873; x_wconf 36' lang='lat' dir='ltr'>utilitatems</span> <span class='ocrx_word' id='word_1_77' title='bbox 502 827 552 873; x_wconf 89' lang='lat' dir='ltr'>Si</span> <span class='ocrx_word' id='word_1_78' title='bbox 580 834 630 871; x_wconf 92' lang='lat' dir='ltr'>tu</span> <span class='ocrx_word' id='word_1_79' title='bbox 660 834 793 884; x_wconf 89' lang='lat' dir='ltr'>atque</span> <span class='ocrx_word' id='word_1_80' title='bbox 823 828 941 871; x_wconf 81' lang='lat' dir='ltr'>cives</span> <span class='ocrx_word' id='word_1_81' title='bbox 958 829 1039 883; x_wconf 80' lang='lat' dir='ltr'>tui⁷</span> <span class='ocrx_word' id='word_1_82' title='bbox 1070 828 1228 884; x_wconf 78' lang='lat' dir='ltr'>inquit,</span> <span class='ocrx_word' id='word_1_83' title='bbox 1257 828 1472 871; x_wconf 85' lang='lat' dir='ltr'>iustitiam</span> 
     </span>
    </p>
   </div>
   <div class='ocr_carea' id='block_1_7' title="bbox 21 885 1472 1000">
    <p class='ocr_par' dir='ltr' id='par_1_8' title="bbox 21 885 1472 1000">
     <span class='ocr_line' id='line_1_14' title="bbox 21 885 1472 943; baseline -0.001 -13"><span class='ocrx_word' id='word_1_84' title='bbox 21 915 23 918; x_wconf 93' lang='lat'><em>-</em></span> <span class='ocrx_word' id='word_1_85' title='bbox 87 892 147 934; x_wconf 21' lang='lat' dir='ltr'>*et</span> <span class='ocrx_word' id='word_1_86' title='bbox 173 886 509 942; x_wconf 67' lang='lat' dir='ltr'>temperantiam</span> <span class='ocrx_word' id='word_1_87' title='bbox 539 885 778 940; x_wconf 81' lang='lat' dir='ltr'>colueritis,</span> <span class='ocrx_word' id='word_1_88' title='bbox 810 885 895 928; x_wconf 89' lang='lat' dir='ltr'>hoc</span> <span class='ocrx_word' id='word_1_89' title='bbox 924 887 1051 929; x_wconf 88' lang='lat' dir='ltr'>vobis</span> <span class='ocrx_word' id='word_1_90' title='bbox 1072 886 1316 943; x_wconf 76' lang='lat' dir='ltr'>continget,</span> <span class='ocrx_word' id='word_1_91' title='bbox 1347 893 1398 929; x_wconf 93' lang='lat' dir='ltr'>ut</span> <span class='ocrx_word' id='word_1_92' title='bbox 1428 893 1472 928; x_wconf 85' lang='lat' dir='ltr'>et</span> 
     </span>
     <span class='ocr_line' id='line_1_15' title="bbox 22 942 1471 1000; baseline 0 -14"><span class='ocrx_word' id='word_1_93' title='bbox 22 968 25 977; x_wconf 54' lang='grc' dir='ltr'><strong><em>ι</em></strong></span> <span class='ocrx_word' id='word_1_94' title='bbox 100 943 193 987; x_wconf 76' lang='lat' dir='ltr'>deo⁴</span> <span class='ocrx_word' id='word_1_95' title='bbox 215 943 306 986; x_wconf 86' lang='lat' dir='ltr'>cari</span> <span class='ocrx_word' id='word_1_96' title='bbox 337 943 433 987; x_wconf 87' lang='lat' dir='ltr'>sitis</span> <span class='ocrx_word' id='word_1_97' title='bbox 464 949 508 985; x_wconf 89' lang='lat' dir='ltr'>et</span> <span class='ocrx_word' id='word_1_98' title='bbox 537 942 733 985; x_wconf 89' lang='lat' dir='ltr'>divinum</span> <span class='ocrx_word' id='word_1_99' title='bbox 759 942 868 985; x_wconf 90' lang='lat' dir='ltr'>illud</span> <span class='ocrx_word' id='word_1_100' title='bbox 897 942 1118 985; x_wconf 88' lang='lat' dir='ltr'>intuentes</span> <span class='ocrx_word' id='word_1_101' title='bbox 1153 948 1321 986; x_wconf 90' lang='lat' dir='ltr'>vosmet</span> <span class='ocrx_word' id='word_1_102' title='bbox 1348 943 1471 1000; x_wconf 87' lang='lat' dir='ltr'>ipsos</span> 
     </span>
    </p>
   </div>
   <div class='ocr_carea' id='block_1_8' title="bbox 98 999 1471 1171">
    <p class='ocr_par' dir='ltr' id='par_1_9' title="bbox 98 999 1471 1171">
     <span class='ocr_line' id='line_1_16' title="bbox 99 999 1471 1057; baseline -0.001 -14"><span class='ocrx_word' id='word_1_103' title='bbox 99 1006 234 1056; x_wconf 78' lang='lat' dir='ltr'>atque</span> <span class='ocrx_word' id='word_1_104' title='bbox 263 1014 334 1043; x_wconf 86' lang='lat' dir='ltr'>res</span> <span class='ocrx_word' id='word_1_105' title='bbox 362 1006 534 1043; x_wconf 88' lang='lat' dir='ltr'>vestras</span> <span class='ocrx_word' id='word_1_106' title='bbox 564 1006 684 1043; x_wconf 87' lang='lat' dir='ltr'>recte</span> <span class='ocrx_word' id='word_1_107' title='bbox 714 1000 994 1057; x_wconf 84' lang='lat' dir='ltr'>cognoscatis</span> <span class='ocrx_word' id='word_1_108' title='bbox 1024 1006 1069 1043; x_wconf 88' lang='lat' dir='ltr'>et</span> <span class='ocrx_word' id='word_1_109' title='bbox 1095 1015 1200 1043; x_wconf 85' lang='lat' dir='ltr'>vero</span> <span class='ocrx_word' id='word_1_110' title='bbox 1235 999 1366 1042; x_wconf 89' lang='lat' dir='ltr'>etiam</span> <span class='ocrx_word' id='word_1_111' title='bbox 1395 1015 1471 1043; x_wconf 84' lang='lat' dir='ltr'>ve-</span> 
     </span>
     <span class='ocr_line' id='line_1_17' title="bbox 100 1056 1471 1114; baseline -0.001 -14"><span class='ocrx_word' id='word_1_112' title='bbox 100 1073 194 1100; x_wconf 79' lang='lat' dir='ltr'>ram</span> <span class='ocrx_word' id='word_1_113' title='bbox 222 1057 477 1101; x_wconf 73' lang='lat' dir='ltr'>felicitatem</span> <span class='ocrx_word' id='word_1_114' title='bbox 500 1072 634 1100; x_wconf 88' lang='lat' dir='ltr'>conse</span> <span class='ocrx_word' id='word_1_115' title='bbox 667 1058 847 1099; x_wconf 78' lang='lat' dir='ltr'>uamini.</span> <span class='ocrx_word' id='word_1_116' title='bbox 909 1056 989 1101; x_wconf 88' lang='lat' dir='ltr'>Sin</span> <span class='ocrx_word' id='word_1_117' title='bbox 1011 1063 1158 1100; x_wconf 89' lang='lat' dir='ltr'>autem</span> <span class='ocrx_word' id='word_1_118' title='bbox 1186 1057 1348 1099; x_wconf 87' lang='lat' dir='ltr'>iniuste</span> <span class='ocrx_word' id='word_1_119' title='bbox 1369 1072 1471 1114; x_wconf 86' lang='lat' dir='ltr'>ege-</span> 
     </span>
     <span class='ocr_line' id='line_1_18' title="bbox 98 1113 1470 1171; baseline -0.002 -12"><span class='ocrx_word' id='word_1_120' title='bbox 98 1115 197 1160; x_wconf 72' lang='lat' dir='ltr'>ritis</span> <span class='ocrx_word' id='word_1_121' title='bbox 226 1119 271 1158; x_wconf 86' lang='lat' dir='ltr'>et</span> <span class='ocrx_word' id='word_1_122' title='bbox 298 1114 428 1158; x_wconf 87' lang='lat' dir='ltr'>unice</span> <span class='ocrx_word' id='word_1_123' title='bbox 457 1113 520 1168; x_wconf 80' lang='lat' dir='ltr'>id,</span> <span class='ocrx_word' id='word_1_124' title='bbox 553 1129 641 1170; x_wconf 90' lang='lat' dir='ltr'>quo</span> <span class='ocrx_word' id='word_1_125' title='bbox 701 1119 768 1157; x_wconf 85' lang='lat' dir='ltr'>est</span> <span class='ocrx_word' id='word_1_126' title='bbox 796 1129 952 1171; x_wconf 85' lang='lat' dir='ltr'>expers</span> <span class='ocrx_word' id='word_1_127' title='bbox 976 1113 1236 1168; x_wconf 82' lang='lat' dir='ltr'>divinitatis,</span> <span class='ocrx_word' id='word_1_128' title='bbox 1267 1126 1470 1170; x_wconf 84' lang='lat' dir='ltr'>respexe-</span> 
     </span>
    </p>
   </div>
   <div class='ocr_carea' id='block_1_9' title="bbox 35 1171 1471 1227">
    <p class='ocr_par' dir='ltr' id='par_1_10' title="bbox 35 1171 1471 1227">
     <span class='ocr_line' id='line_1_19' title="bbox 35 1171 1471 1227; baseline 0 -12"><span class='ocrx_word' id='word_1_129' title='bbox 35 1190 39 1195; x_wconf 91' lang='lat'><strong>·</strong></span> <span class='ocrx_word' id='word_1_130' title='bbox 97 1171 220 1227; x_wconf 66' lang='lat' dir='ltr'>ritis,</span> <span class='ocrx_word' id='word_1_131' title='bbox 259 1171 454 1214; x_wconf 75' lang='lat' dir='ltr'>futurum</span> <span class='ocrx_word' id='word_1_132' title='bbox 494 1177 595 1225; x_wconf 53' lang='lat' dir='ltr'>est,</span> <span class='ocrx_word' id='word_1_133' title='bbox 625 1176 675 1213; x_wconf 89' lang='lat' dir='ltr'>ut</span> <span class='ocrx_word' id='word_1_134' title='bbox 711 1186 737 1213; x_wconf 89' lang='lat' dir='ltr'>a</span> <span class='ocrx_word' id='word_1_135' title='bbox 775 1177 898 1214; x_wconf 89' lang='lat' dir='ltr'>recto</span> <span class='ocrx_word' id='word_1_136' title='bbox 940 1178 984 1214; x_wconf 90' lang='lat' dir='ltr'>et</span> <span class='ocrx_word' id='word_1_137' title='bbox 1021 1171 1210 1214; x_wconf 87' lang='lat' dir='ltr'>honesto</span> <span class='ocrx_word' id='word_1_138' title='bbox 1239 1171 1471 1216; x_wconf 76' lang='lat' dir='ltr'>recedatis.</span> 
     </span>
    </p>
   </div>
   <div class='ocr_carea' id='block_1_10' title="bbox 100 1227 1472 1286">
    <p class='ocr_par' dir='ltr' id='par_1_11' title="bbox 100 1227 1472 1286">
     <span class='ocr_line' id='line_1_20' title="bbox 100 1227 1472 1286; baseline -0.002 -13"><span class='ocrx_word' id='word_1_139' title='bbox 100 1228 221 1276; x_wconf 72' lang='lat' dir='ltr'>Nam</span> <span class='ocrx_word' id='word_1_140' title='bbox 249 1227 450 1286; x_wconf 85' lang='lat' dir='ltr'>potentia</span> <span class='ocrx_word' id='word_1_141' title='bbox 478 1228 647 1271; x_wconf 84' lang='lat' dir='ltr'>ratione</span> <span class='ocrx_word' id='word_1_142' title='bbox 667 1234 712 1270; x_wconf 91' lang='lat' dir='ltr'>et</span> <span class='ocrx_word' id='word_1_143' title='bbox 741 1228 959 1285; x_wconf 82' lang='lat' dir='ltr'>sapientia</span> <span class='ocrx_word' id='word_1_144' title='bbox 979 1243 1135 1271; x_wconf 79' lang='lat' dir='ltr'>carens</span> <span class='ocrx_word' id='word_1_145' title='bbox 1155 1233 1327 1270; x_wconf 83' lang='lat' dir='ltr'>tantum</span> <span class='ocrx_word' id='word_1_146' title='bbox 1347 1229 1472 1271; x_wconf 81' lang='lat' dir='ltr'>abest</span> 
     </span>
    </p>
   </div>
   <div class='ocr_carea' id='block_1_11' title="bbox 26 1283 1471 1342">
    <p class='ocr_par' dir='ltr' id='par_1_12' title="bbox 26 1283 1471 1342">
     <span class='ocr_line' id='line_1_21' title="bbox 26 1283 1471 1342; baseline 0.001 -16"><span class='ocrx_word' id='word_1_147' title='bbox 26 1322 27 1326; x_wconf 75' lang='grc'>,</span> <span class='ocrx_word' id='word_1_148' title='bbox 99 1291 153 1329; x_wconf 80' lang='lat' dir='ltr'>ut</span> <span class='ocrx_word' id='word_1_149' title='bbox 179 1285 238 1328; x_wconf 56' lang='lat' dir='ltr'>&gt;in</span> <span class='ocrx_word' id='word_1_150' title='bbox 278 1285 409 1329; x_wconf 83' lang='lat' dir='ltr'>bonis</span> <span class='ocrx_word' id='word_1_151' title='bbox 441 1283 714 1327; x_wconf 86' lang='lat' dir='ltr'>numeranda</span> <span class='ocrx_word' id='word_1_152' title='bbox 745 1285 817 1341; x_wconf 74' lang='lat' dir='ltr'>sit,</span> <span class='ocrx_word' id='word_1_153' title='bbox 849 1291 898 1327; x_wconf 90' lang='lat' dir='ltr'>ut</span> <span class='ocrx_word' id='word_1_154' title='bbox 927 1301 1016 1327; x_wconf 90' lang='lat' dir='ltr'>non</span> <span class='ocrx_word' id='word_1_155' title='bbox 1046 1285 1190 1328; x_wconf 89' lang='lat' dir='ltr'>minus</span> <span class='ocrx_word' id='word_1_156' title='bbox 1220 1285 1471 1342; x_wconf 82' lang='lat' dir='ltr'>periculosa</span> 
     </span>
    </p>
   </div>
   <div class='ocr_carea' id='block_1_12' title="bbox 89 1337 1470 1465">
    <p class='ocr_par' dir='ltr' id='par_1_13' title="bbox 89 1337 1470 1465">
     <span class='ocr_line' id='line_1_22' title="bbox 98 1337 1470 1398; baseline -0.001 -12"><span class='ocrx_word' id='word_1_157' title='bbox 98 1337 326 1394; x_wconf 61' lang='lat' dir='ltr'>videatur,</span> <span class='ocrx_word' id='word_1_158' title='bbox 368 1350 508 1397; x_wconf 81' lang='lat' dir='ltr'>&#39;quam</span> <span class='ocrx_word' id='word_1_159' title='bbox 548 1342 586 1385; x_wconf 90' lang='lat' dir='ltr'>si</span> <span class='ocrx_word' id='word_1_160' title='bbox 624 1342 790 1385; x_wconf 81' lang='lat' dir='ltr'>furioso</span> <span class='ocrx_word' id='word_1_161' title='bbox 836 1342 967 1385; x_wconf 89' lang='lat' dir='ltr'>alicui</span> <span class='ocrx_word' id='word_1_162' title='bbox 1015 1349 1060 1385; x_wconf 87' lang='lat' dir='ltr'>et</span> <span class='ocrx_word' id='word_1_163' title='bbox 1096 1343 1255 1385; x_wconf 87' lang='lat' dir='ltr'>insano</span> <span class='ocrx_word' id='word_1_164' title='bbox 1296 1341 1470 1398; x_wconf 86' lang='lat' dir='ltr'>quidvis</span> 
     </span>
     <span class='ocr_line' id='line_1_23' title="bbox 89 1399 1469 1465; baseline -0.002 -19"><span class='ocrx_word' id='word_1_165' title='bbox 89 1399 289 1455; x_wconf 16' lang='lat' dir='ltr'>*faciendi</span> <span class='ocrx_word' id='word_1_166' title='bbox 333 1405 534 1457; x_wconf 85' lang='lat' dir='ltr'>potestas</span> <span class='ocrx_word' id='word_1_167' title='bbox 573 1399 875 1465; x_wconf 71' lang='lat' dir='ltr'>permittatur.</span> <span class='ocrx_word' id='word_1_168' title='bbox 953 1399 1038 1442; x_wconf 86' lang='lat' dir='ltr'>Est</span> <span class='ocrx_word' id='word_1_169' title='bbox 1097 1406 1244 1442; x_wconf 88' lang='lat' dir='ltr'>autem</span> <span class='ocrx_word' id='word_1_170' title='bbox 1297 1399 1469 1454; x_wconf 77' lang='lat' dir='ltr'>melius,</span> 
     </span>
    </p>
   </div>
   <div class='ocr_carea' id='block_1_13' title="bbox 19 1455 1470 1625">
    <p class='ocr_par' dir='ltr' id='par_1_14' title="bbox 19 1455 1470 1625">
     <span class='ocr_line' id='line_1_24' title="bbox 79 1455 1470 1515; baseline -0.002 -13"><span class='ocrx_word' id='word_1_171' title='bbox 79 1455 294 1515; x_wconf 67' lang='lat' dir='ltr'>pulei-ius</span> <span class='ocrx_word' id='word_1_172' title='bbox 325 1462 370 1500; x_wconf 90' lang='lat' dir='ltr'>et</span> <span class='ocrx_word' id='word_1_173' title='bbox 396 1456 730 1501; x_wconf 81' lang='lat' dir='ltr'>convenientius</span> <span class='ocrx_word' id='word_1_174' title='bbox 759 1472 883 1511; x_wconf 83' lang='lat' dir='ltr'>eum,</span> <span class='ocrx_word' id='word_1_175' title='bbox 914 1457 990 1513; x_wconf 91' lang='lat' dir='ltr'>qui</span> <span class='ocrx_word' id='word_1_176' title='bbox 1020 1456 1216 1500; x_wconf 90' lang='lat' dir='ltr'>nondum</span> <span class='ocrx_word' id='word_1_177' title='bbox 1245 1456 1303 1499; x_wconf 89' lang='lat' dir='ltr'>ad</span> <span class='ocrx_word' id='word_1_178' title='bbox 1332 1457 1470 1499; x_wconf 89' lang='lat' dir='ltr'>virtu-</span> 
     </span>
     <span class='ocr_line' id='line_1_25' title="bbox 20 1513 1470 1570; baseline -0.002 -11"><span class='ocrx_word' id='word_1_179' title='bbox 20 1523 26 1535; x_wconf 87' lang='lat'>·&#39;</span> <span class='ocrx_word' id='word_1_180' title='bbox 92 1514 161 1559; x_wconf 24' lang='lat' dir='ltr'>*tis*</span> <span class='ocrx_word' id='word_1_181' title='bbox 185 1513 511 1570; x_wconf 78' lang='lat' dir='ltr'>possessionem</span> <span class='ocrx_word' id='word_1_182' title='bbox 540 1514 805 1570; x_wconf 76' lang='lat' dir='ltr'>pervenerit⁷</span> <span class='ocrx_word' id='word_1_183' title='bbox 836 1514 1091 1557; x_wconf 88' lang='lat' dir='ltr'>melioribus</span> <span class='ocrx_word' id='word_1_184' title='bbox 1112 1514 1306 1566; x_wconf 74' lang='lat' dir='ltr'>obedire,</span> <span class='ocrx_word' id='word_1_185' title='bbox 1338 1529 1470 1570; x_wconf 86' lang='lat' dir='ltr'>quam</span> 
     </span>
     <span class='ocr_line' id='line_1_26' title="bbox 19 1569 1470 1625; baseline 0 -11"><span class='ocrx_word' id='word_1_186' title='bbox 19 1592 29 1619; x_wconf 67' lang='lat'>»2</span> <span class='ocrx_word' id='word_1_187' title='bbox 97 1571 306 1616; x_wconf 82' lang='lat' dir='ltr'>vicissim.</span> <span class='ocrx_word' id='word_1_188' title='bbox 330 1583 333 1585; x_wconf 83' lang='lat'>·</span> <span class='ocrx_word' id='word_1_189' title='bbox 368 1569 504 1625; x_wconf 80' lang='lat' dir='ltr'>Quod</span> <span class='ocrx_word' id='word_1_190' title='bbox 535 1571 650 1614; x_wconf 91' lang='lat' dir='ltr'>enim</span> <span class='ocrx_word' id='word_1_191' title='bbox 677 1577 746 1614; x_wconf 81' lang='lat' dir='ltr'>est</span> <span class='ocrx_word' id='word_1_192' title='bbox 774 1570 993 1625; x_wconf 78' lang='lat' dir='ltr'>deterius,</span> <span class='ocrx_word' id='word_1_193' title='bbox 1028 1571 1077 1613; x_wconf 90' lang='lat' dir='ltr'>id</span> <span class='ocrx_word' id='word_1_194' title='bbox 1106 1571 1275 1614; x_wconf 89' lang='lat' dir='ltr'>meliori</span> <span class='ocrx_word' id='word_1_195' title='bbox 1305 1571 1470 1614; x_wconf 85' lang='lat' dir='ltr'>servire</span> 
     </span>
    </p>
   </div>
   <div class='ocr_carea' id='block_1_14' title="bbox 87 1628 1471 1786">
    <p class='ocr_par' dir='ltr' id='par_1_15' title="bbox 87 1628 1471 1786">
     <span class='ocr_line' id='line_1_27' title="bbox 87 1628 1471 1686; baseline -0.001 -14"><span class='ocrx_word' id='word_1_196' title='bbox 87 1641 180 1686; x_wconf 61' lang='lat' dir='ltr'>par</span> <span class='ocrx_word' id='word_1_197' title='bbox 220 1634 312 1683; x_wconf 82' lang='lat' dir='ltr'>est,</span> <span class='ocrx_word' id='word_1_198' title='bbox 353 1643 545 1684; x_wconf 87' lang='lat' dir='ltr'>veraque</span> <span class='ocrx_word' id='word_1_199' title='bbox 585 1628 794 1671; x_wconf 82' lang='lat' dir='ltr'>nobilitas</span> <span class='ocrx_word' id='word_1_200' title='bbox 838 1629 884 1671; x_wconf 91' lang='lat' dir='ltr'>in</span> <span class='ocrx_word' id='word_1_201' title='bbox 923 1629 1019 1672; x_wconf 87' lang='lat' dir='ltr'>sola</span> <span class='ocrx_word' id='word_1_202' title='bbox 1049 1628 1182 1670; x_wconf 88' lang='lat' dir='ltr'>animi</span> <span class='ocrx_word' id='word_1_203' title='bbox 1211 1628 1372 1671; x_wconf 86' lang='lat' dir='ltr'>virtute</span> <span class='ocrx_word' id='word_1_204' title='bbox 1403 1635 1471 1671; x_wconf 89' lang='lat' dir='ltr'>est</span> 
     </span>
     <span class='ocr_line' id='line_1_28' title="bbox 97 1684 1347 1743; baseline 0 -14"><span class='ocrx_word' id='word_1_205' title='bbox 97 1685 259 1742; x_wconf 76' lang='lat' dir='ltr'>posita,</span> <span class='ocrx_word' id='word_1_206' title='bbox 289 1684 361 1728; x_wconf 90' lang='lat' dir='ltr'>cui</span> <span class='ocrx_word' id='word_1_207' title='bbox 390 1685 437 1728; x_wconf 86' lang='lat' dir='ltr'>in</span> <span class='ocrx_word' id='word_1_208' title='bbox 467 1685 575 1728; x_wconf 90' lang='lat' dir='ltr'>alios</span> <span class='ocrx_word' id='word_1_209' title='bbox 606 1685 843 1729; x_wconf 87' lang='lat' dir='ltr'>deteriores</span> <span class='ocrx_word' id='word_1_210' title='bbox 875 1685 1062 1729; x_wconf 80' lang='lat' dir='ltr'>debetur</span> <span class='ocrx_word' id='word_1_211' title='bbox 1088 1686 1347 1743; x_wconf 80' lang='lat' dir='ltr'>imperium.&#39;</span> 
     </span>
     <span class='ocr_line' id='line_1_29' title="bbox 211 1740 1470 1786; baseline -0.001 0"><span class='ocrx_word' id='word_1_212' title='bbox 211 1740 363 1786; x_wconf 84' lang='lat' dir='ltr'>Finito</span> <span class='ocrx_word' id='word_1_213' title='bbox 405 1741 490 1785; x_wconf 82' lang='lat' dir='ltr'>hoc</span> <span class='ocrx_word' id='word_1_214' title='bbox 521 1757 720 1786; x_wconf 89' lang='lat' dir='ltr'>sermone</span> <span class='ocrx_word' id='word_1_215' title='bbox 749 1743 1100 1786; x_wconf 87' lang='lat' dir='ltr'>Alcibiades</span> <span class='ocrx_word' id='word_1_216' title='bbox 1131 1743 1270 1786; x_wconf 86' lang='lat' dir='ltr'>hanc</span> <span class='ocrx_word' id='word_1_217' title='bbox 1301 1743 1470 1786; x_wconf 90' lang='lat' dir='ltr'>animi</span> 
     </span>
    </p>
   </div>
   <div class='ocr_carea' id='block_1_15' title="bbox 23 1782 1470 1858">
    <p class='ocr_par' dir='ltr' id='par_1_16' title="bbox 23 1782 1470 1858">
     <span class='ocr_line' id='line_1_30' title="bbox 23 1782 1470 1858; baseline -0.003 -11"><span class='ocrx_word' id='word_1_218' title='bbox 23 1799 33 1847; x_wconf 67' lang='lat' dir='ltr'>s:</span> <span class='ocrx_word' id='word_1_219' title='bbox 88 1782 468 1846; x_wconf 54' lang='lat' dir='ltr'>nobilitatem</span> <span class='ocrx_word' id='word_1_220' title='bbox 527 1799 644 1843; x_wconf 83' lang='lat' dir='ltr'>sibi</span> <span class='ocrx_word' id='word_1_221' title='bbox 710 1799 896 1844; x_wconf 85' lang='lat' dir='ltr'>adhuc</span> <span class='ocrx_word' id='word_1_222' title='bbox 956 1800 1178 1843; x_wconf 37' lang='lat' dir='ltr'>deesses</span> <span class='ocrx_word' id='word_1_223' title='bbox 1223 1800 1470 1858; x_wconf 84' lang='lat' dir='ltr'>ingenue</span> 
     </span>
    </p>
   </div>
   <div class='ocr_carea' id='block_1_16' title="bbox 87 1855 1471 1912">
    <p class='ocr_par' dir='ltr' id='par_1_17' title="bbox 87 1855 1471 1912">
     <span class='ocr_line' id='line_1_31' title="bbox 87 1855 1471 1912; baseline 0 -14"><span class='ocrx_word' id='word_1_224' title='bbox 87 1857 440 1910; x_wconf 58' lang='lat' dir='ltr'>confitetur,</span> <span class='ocrx_word' id='word_1_225' title='bbox 472 1855 732 1912; x_wconf 82' lang='lat' dir='ltr'>adeoque</span> <span class='ocrx_word' id='word_1_226' title='bbox 764 1856 1052 1901; x_wconf 84' lang='lat' dir='ltr'>Socratem</span> <span class='ocrx_word' id='word_1_227' title='bbox 1079 1873 1244 1899; x_wconf 91' lang='lat' dir='ltr'>unum</span> <span class='ocrx_word' id='word_1_228' title='bbox 1274 1864 1471 1899; x_wconf 88' lang='lat' dir='ltr'>censet</span> 
     </span>
    </p>
   </div>
   <div class='ocr_carea' id='block_1_17' title="bbox 21 1912 1469 2028">
    <p class='ocr_par' dir='ltr' id='par_1_18' title="bbox 21 1912 1469 2028">
     <span class='ocr_line' id='line_1_32' title="bbox 21 1912 1469 1971; baseline -0.001 -14"><span class='ocrx_word' id='word_1_229' title='bbox 21 1924 28 1932; x_wconf 80' lang='grc'><em>’</em></span> <span class='ocrx_word' id='word_1_230' title='bbox 97 1924 257 1967; x_wconf 57' lang='lat' dir='ltr'>esse5</span> <span class='ocrx_word' id='word_1_231' title='bbox 290 1913 387 1970; x_wconf 81' lang='lat' dir='ltr'>qui</span> <span class='ocrx_word' id='word_1_232' title='bbox 427 1913 542 1956; x_wconf 87' lang='lat' dir='ltr'>sibi</span> <span class='ocrx_word' id='word_1_233' title='bbox 582 1928 698 1955; x_wconf 87' lang='lat' dir='ltr'>eam</span> <span class='ocrx_word' id='word_1_234' title='bbox 744 1914 1045 1970; x_wconf 88' lang='lat' dir='ltr'>impertire</span> <span class='ocrx_word' id='word_1_235' title='bbox 1075 1914 1284 1971; x_wconf 87' lang='lat' dir='ltr'>possit.</span> <span class='ocrx_word' id='word_1_236' title='bbox 1345 1912 1469 1967; x_wconf 79' lang='lat' dir='ltr'>Quo-</span> 
     </span>
     <span class='ocr_line' id='line_1_33' title="bbox 22 1959 1469 2028; baseline -0.002 -13"><span class='ocrx_word' id='word_1_237' title='bbox 22 1959 31 2028; x_wconf 43' lang='grc' dir='ltr'>ξ·</span> <span class='ocrx_word' id='word_1_238' title='bbox 97 1971 215 2015; x_wconf 71' lang='lat' dir='ltr'>circa</span> <span class='ocrx_word' id='word_1_239' title='bbox 252 1969 387 2013; x_wconf 85' lang='lat' dir='ltr'>sicuti·</span> <span class='ocrx_word' id='word_1_240' title='bbox 412 1969 486 2012; x_wconf 90' lang='lat' dir='ltr'>ille</span> <span class='ocrx_word' id='word_1_241' title='bbox 519 1983 568 2012; x_wconf 85' lang='lat' dir='ltr'>se</span> <span class='ocrx_word' id='word_1_242' title='bbox 598 1969 743 2013; x_wconf 84' lang='lat' dir='ltr'>adhuc</span> <span class='ocrx_word' id='word_1_243' title='bbox 773 1977 943 2013; x_wconf 83' lang='lat' dir='ltr'>amator</span> <span class='ocrx_word' id='word_1_244' title='bbox 974 1977 1169 2014; x_wconf 88' lang='lat' dir='ltr'>sectatus</span> <span class='ocrx_word' id='word_1_245' title='bbox 1201 1971 1282 2025; x_wconf 84' lang='lat' dir='ltr'>sit,</span> <span class='ocrx_word' id='word_1_246' title='bbox 1312 1970 1375 2012; x_wconf 90' lang='lat' dir='ltr'>ita</span> <span class='ocrx_word' id='word_1_247' title='bbox 1404 1970 1469 2012; x_wconf 88' lang='lat' dir='ltr'>vi-</span> 
     </span>
    </p>
   </div>
   <div class='ocr_carea' id='block_1_18' title="bbox 97 2027 1467 2085">
    <p class='ocr_par' dir='ltr' id='par_1_19' title="bbox 97 2027 1467 2085">
     <span class='ocr_line' id='line_1_34' title="bbox 97 2027 1467 2085; baseline -0.002 -13"><span class='ocrx_word' id='word_1_248' title='bbox 97 2027 246 2072; x_wconf 79' lang='lat' dir='ltr'>cissim</span> <span class='ocrx_word' id='word_1_249' title='bbox 282 2027 438 2085; x_wconf 28' lang='lat' dir='ltr'>ipssumf</span> <span class='ocrx_word' id='word_1_250' title='bbox 466 2041 514 2069; x_wconf 91' lang='lat' dir='ltr'>se</span> <span class='ocrx_word' id='word_1_251' title='bbox 552 2027 788 2083; x_wconf 86' lang='lat' dir='ltr'>pollicetur</span> <span class='ocrx_word' id='word_1_252' title='bbox 827 2028 874 2070; x_wconf 90' lang='lat' dir='ltr'>in</span> <span class='ocrx_word' id='word_1_253' title='bbox 902 2034 1131 2085; x_wconf 88' lang='lat' dir='ltr'>posterum</span> <span class='ocrx_word' id='word_1_254' title='bbox 1169 2027 1215 2069; x_wconf 90' lang='lat' dir='ltr'>id</span> <span class='ocrx_word' id='word_1_255' title='bbox 1253 2033 1467 2082; x_wconf 79' lang='lat' dir='ltr'>acturum,</span> 
     </span>
    </p>
   </div>
   <div class='ocr_carea' id='block_1_19' title="bbox 30 2083 1495 2142">
    <p class='ocr_par' dir='ltr' id='par_1_20' title="bbox 30 2083 1495 2142">
     <span class='ocr_line' id='line_1_35' title="bbox 30 2083 1495 2142; baseline -0.003 -13"><span class='ocrx_word' id='word_1_256' title='bbox 30 2115 33 2118; x_wconf 58' lang='lat'>&lt;</span> <span class='ocrx_word' id='word_1_257' title='bbox 80 2090 148 2129; x_wconf 65' lang='lat' dir='ltr'>ut</span> <span class='ocrx_word' id='word_1_258' title='bbox 185 2085 278 2128; x_wconf 82' lang='lat' dir='ltr'>eius</span> <span class='ocrx_word' id='word_1_259' title='bbox 309 2083 652 2127; x_wconf 77' lang='lat' dir='ltr'>familiaritatem</span> <span class='ocrx_word' id='word_1_260' title='bbox 684 2090 727 2127; x_wconf 87' lang='lat' dir='ltr'>et</span> <span class='ocrx_word' id='word_1_261' title='bbox 756 2084 1120 2128; x_wconf 89' lang='lat' dir='ltr'>consuetudinem</span> <span class='ocrx_word' id='word_1_262' title='bbox 1148 2090 1364 2142; x_wconf 83' lang='lat' dir='ltr'>perpetuo</span> <span class='ocrx_word' id='word_1_263' title='bbox 1395 2099 1495 2126; x_wconf 37' lang='lat' dir='ltr'>exa</span> 
     </span>
    </p>
   </div>
   <div class='ocr_carea' id='block_1_20' title="bbox 94 2138 1469 2209">
    <p class='ocr_par' dir='ltr' id='par_1_21' title="bbox 94 2138 1469 2209">
     <span class='ocr_line' id='line_1_36' title="bbox 94 2138 1469 2209; baseline -0.001 -23"><span class='ocrx_word' id='word_1_264' title='bbox 94 2148 233 2209; x_wconf 75' lang='lat' dir='ltr'>petat.</span> <span class='ocrx_word' id='word_1_265' title='bbox 293 2138 429 2195; x_wconf 78' lang='lat' dir='ltr'>Quod</span> <span class='ocrx_word' id='word_1_266' title='bbox 460 2139 638 2197; x_wconf 85' lang='lat' dir='ltr'>quidem</span> <span class='ocrx_word' id='word_1_267' title='bbox 676 2140 968 2185; x_wconf 80' lang='lat' dir='ltr'>adolescentis</span> <span class='ocrx_word' id='word_1_268' title='bbox 999 2142 1231 2185; x_wconf 89' lang='lat' dir='ltr'>consilium</span> <span class='ocrx_word' id='word_1_269' title='bbox 1262 2140 1469 2185; x_wconf 86' lang='lat' dir='ltr'>Socrates</span> 
     </span>
    </p>
   </div>
   <div class='ocr_carea' id='block_1_21' title="bbox 27 2197 1532 2311">
    <p class='ocr_par' dir='ltr' id='par_1_22' title="bbox 27 2197 1532 2311">
     <span class='ocr_line' id='line_1_37' title="bbox 27 2197 1469 2256; baseline -0.001 -14"><span class='ocrx_word' id='word_1_270' title='bbox 27 2215 30 2225; x_wconf 75' lang='lat'><em>³</em></span> <span class='ocrx_word' id='word_1_271' title='bbox 94 2204 160 2243; x_wconf 71' lang='lat' dir='ltr'>lta</span> <span class='ocrx_word' id='word_1_272' title='bbox 187 2199 361 2256; x_wconf 63' lang='lat' dir='ltr'>probat„</span> <span class='ocrx_word' id='word_1_273' title='bbox 391 2203 443 2241; x_wconf 75' lang='lat' dir='ltr'>ut</span> <span class='ocrx_word' id='word_1_274' title='bbox 471 2197 742 2254; x_wconf 57' lang='lat' dir='ltr'>lepidissime</span> <span class='ocrx_word' id='word_1_275' title='bbox 773 2199 827 2242; x_wconf 89' lang='lat' dir='ltr'>de</span> <span class='ocrx_word' id='word_1_276' title='bbox 859 2215 1004 2242; x_wconf 88' lang='lat' dir='ltr'>amore</span> <span class='ocrx_word' id='word_1_277' title='bbox 1038 2214 1156 2241; x_wconf 90' lang='lat' dir='ltr'>nunc</span> <span class='ocrx_word' id='word_1_278' title='bbox 1187 2198 1334 2241; x_wconf 90' lang='lat' dir='ltr'>denuo</span> <span class='ocrx_word' id='word_1_279' title='bbox 1365 2214 1469 2241; x_wconf 90' lang='lat' dir='ltr'>con-</span> 
     </span>
     <span class='ocr_line' id='line_1_38' title="bbox 35 2253 1532 2311; baseline -0.001 -9"><span class='ocrx_word' id='word_1_280' title='bbox 35 2300 38 2302; x_wconf 85' lang='lat'>.</span> <span class='ocrx_word' id='word_1_281' title='bbox 97 2255 245 2300; x_wconf 77' lang='lat' dir='ltr'>ciliato</span> <span class='ocrx_word' id='word_1_282' title='bbox 274 2256 462 2304; x_wconf 72' lang='lat' dir='ltr'>iocetnr.</span> <span class='ocrx_word' id='word_1_283' title='bbox 519 2253 806 2300; x_wconf 81' lang='lat' dir='ltr'>Gravissimis</span> <span class='ocrx_word' id='word_1_284' title='bbox 845 2262 993 2299; x_wconf 87' lang='lat' dir='ltr'>tamen</span> <span class='ocrx_word' id='word_1_285' title='bbox 1022 2256 1169 2299; x_wconf 85' lang='lat' dir='ltr'>verbis</span> <span class='ocrx_word' id='word_1_286' title='bbox 1200 2256 1469 2311; x_wconf 87' lang='lat' dir='ltr'>colloquium</span> <span class='ocrx_word' id='word_1_287' title='bbox 1529 2281 1532 2282; x_wconf 38' lang='lat'><em>⁷</em></span> 
     </span>
    </p>
   </div>
   <div class='ocr_carea' id='block_1_22' title="bbox 92 2311 1470 2368">
    <p class='ocr_par' dir='ltr' id='par_1_23' title="bbox 92 2311 1470 2368">
     <span class='ocr_line' id='line_1_39' title="bbox 92 2311 1470 2368; baseline 0.001 -12"><span class='ocrx_word' id='word_1_288' title='bbox 92 2312 159 2356; x_wconf 70' lang='lat' dir='ltr'>ita</span> <span class='ocrx_word' id='word_1_289' title='bbox 195 2312 318 2355; x_wconf 81' lang='lat' dir='ltr'>finit:</span> <span class='ocrx_word' id='word_1_290' title='bbox 386 2311 643 2367; x_wconf 81' lang='lat' dir='ltr'>Utinam,</span> <span class='ocrx_word' id='word_1_291' title='bbox 694 2314 860 2368; x_wconf 87' lang='lat' dir='ltr'>inquit,</span> <span class='ocrx_word' id='word_1_292' title='bbox 912 2314 1113 2357; x_wconf 90' lang='lat' dir='ltr'>bonum</span> <span class='ocrx_word' id='word_1_293' title='bbox 1170 2313 1470 2357; x_wconf 85' lang='lat' dir='ltr'>consilium</span> 
     </span>
    </p>
   </div>
   <div class='ocr_carea' id='block_1_23' title="bbox 23 2368 1469 2601">
    <p class='ocr_par' dir='ltr' id='par_1_24' title="bbox 0 2368 1469 2601">
     <span class='ocr_line' id='line_1_40' title="bbox 90 2368 1469 2417; baseline 0.001 -4.921"><span class='ocrx_word' id='word_1_294' title='bbox 90 2372 254 2417; x_wconf 64' lang='lat' dir='ltr'>,tuum</span> <span class='ocrx_word' id='word_1_295' title='bbox 283 2383 353 2412; x_wconf 87' lang='lat' dir='ltr'>ne</span> <span class='ocrx_word' id='word_1_296' title='bbox 380 2368 439 2414; x_wconf 82' lang='lat' dir='ltr'>in</span> <span class='ocrx_word' id='word_1_297' title='bbox 475 2369 700 2412; x_wconf 86' lang='lat' dir='ltr'>irritum</span> <span class='ocrx_word' id='word_1_298' title='bbox 743 2369 932 2413; x_wconf 81' lang='lat' dir='ltr'>cadat!</span> <span class='ocrx_word' id='word_1_299' title='bbox 1003 2371 1077 2413; x_wconf 88' lang='lat' dir='ltr'>At</span> <span class='ocrx_word' id='word_1_300' title='bbox 1125 2369 1288 2413; x_wconf 85' lang='lat' dir='ltr'>valde</span> <span class='ocrx_word' id='word_1_301' title='bbox 1322 2369 1384 2412; x_wconf 91' lang='lat' dir='ltr'>de</span> <span class='ocrx_word' id='word_1_302' title='bbox 1414 2376 1469 2415; x_wconf 82' lang='lat' dir='ltr'>te</span> 
     </span>
     <span class='ocr_line' id='line_1_41' title="bbox 90 2426 1469 2482; baseline -0.001 -12.061"><span class='ocrx_word' id='word_1_303' title='bbox 90 2426 395 2471; x_wconf 72' lang='lat' dir='ltr'>sollicitus</span> <span class='ocrx_word' id='word_1_304' title='bbox 427 2439 565 2481; x_wconf 76' lang='lat' dir='ltr'>sum,</span> <span class='ocrx_word' id='word_1_305' title='bbox 597 2442 705 2469; x_wconf 89' lang='lat' dir='ltr'>non</span> <span class='ocrx_word' id='word_1_306' title='bbox 734 2442 839 2482; x_wconf 92' lang='lat' dir='ltr'>quo</span> <span class='ocrx_word' id='word_1_307' title='bbox 869 2434 1109 2470; x_wconf 85' lang='lat' dir='ltr'>naturae</span> <span class='ocrx_word' id='word_1_308' title='bbox 1138 2434 1270 2470; x_wconf 89' lang='lat' dir='ltr'>tuae</span> <span class='ocrx_word' id='word_1_309' title='bbox 1301 2433 1354 2469; x_wconf 86' lang='lat' dir='ltr'>et</span> <span class='ocrx_word' id='word_1_310' title='bbox 1384 2428 1469 2469; x_wconf 79' lang='lat' dir='ltr'>in-</span> 
     </span>
     <span class='ocr_line' id='line_1_42' title="bbox 23 2481 1468 2551; baseline -0.001 -24"><span class='ocrx_word' id='word_1_311' title='bbox 23 2495 31 2542; x_wconf 69' lang='lat'>3&#39;</span> <span class='ocrx_word' id='word_1_312' title='bbox 95 2483 270 2551; x_wconf 57' lang='lat' dir='ltr'>genio</span> <span class='ocrx_word' id='word_1_313' title='bbox 310 2481 609 2538; x_wconf 82' lang='lat' dir='ltr'>diffidam,</span> <span class='ocrx_word' id='word_1_314' title='bbox 651 2483 748 2527; x_wconf 90' lang='lat' dir='ltr'>sed</span> <span class='ocrx_word' id='word_1_315' title='bbox 790 2485 895 2526; x_wconf 89' lang='lat' dir='ltr'>vim</span> <span class='ocrx_word' id='word_1_316' title='bbox 939 2491 992 2527; x_wconf 89' lang='lat' dir='ltr'>et</span> <span class='ocrx_word' id='word_1_317' title='bbox 1020 2484 1335 2544; x_wconf 87' lang='lat' dir='ltr'>potentiam</span> <span class='ocrx_word' id='word_1_318' title='bbox 1366 2484 1468 2527; x_wconf 91' lang='lat' dir='ltr'>hu-</span> 
     </span>
     <span class='ocr_line' id='line_1_43' title="bbox 90 2539 1467 2601; baseline -0.001 -16.091"><span class='ocrx_word' id='word_1_319' title='bbox 90 2553 187 2592; x_wconf 60' lang='lat' dir='ltr'>lus</span> <span class='ocrx_word' id='word_1_320' title='bbox 225 2539 494 2601; x_wconf 10' lang='lat' dir='ltr'>&#39;civitatis</span> <span class='ocrx_word' id='word_1_321' title='bbox 527 2540 978 2585; x_wconf 83' lang='lat' dir='ltr'>animadvertens</span> <span class='ocrx_word' id='word_1_322' title='bbox 1008 2557 1342 2600; x_wconf 82' lang='lat' dir='ltr'>magnopere</span> <span class='ocrx_word' id='word_1_323' title='bbox 1371 2556 1467 2583; x_wconf 82' lang='lat' dir='ltr'>ve-</span> 
     </span>
    </p>
   </div>
   <div class='ocr_carea' id='block_1_24' title="bbox 0 2595 17 2678">
    <p class='ocr_par' dir='ltr' id='par_1_25' title="bbox 0 2594 34 2678">
     <span class='ocr_line' id='line_1_44' title="bbox 0 2595 17 2678; baseline 0 -79"><span class='ocrx_word' id='word_1_324' title='bbox 0 2594 34 2678; x_wconf 58' lang='grc' dir='ltr'>,Ξ</span> 
     </span>
    </p>
   </div>
   <div class='ocr_carea' id='block_1_25' title="bbox 94 2598 1465 2655">
    <p class='ocr_par' dir='ltr' id='par_1_26' title="bbox 94 2598 1465 2655">
     <span class='ocr_line' id='line_1_45' title="bbox 94 2598 1465 2655; baseline 0 -12"><span class='ocrx_word' id='word_1_325' title='bbox 94 2612 248 2653; x_wconf 55' lang='lat' dir='ltr'>teor,</span> <span class='ocrx_word' id='word_1_326' title='bbox 278 2612 342 2642; x_wconf 81' lang='lat' dir='ltr'>ne</span> <span class='ocrx_word' id='word_1_327' title='bbox 372 2602 429 2639; x_wconf 90' lang='lat' dir='ltr'>tu</span> <span class='ocrx_word' id='word_1_328' title='bbox 460 2602 627 2651; x_wconf 88' lang='lat' dir='ltr'>atque</span> <span class='ocrx_word' id='word_1_329' title='bbox 658 2613 758 2655; x_wconf 85' lang='lat' dir='ltr'>ego</span> <span class='ocrx_word' id='word_1_330' title='bbox 781 2598 1465 2654; x_wconf 77' lang='lat' dir='ltr'>aliquandovincamur*).</span> 
     </span>
    </p>
   </div>
   <div class='ocr_carea' id='block_1_26' title="bbox 652 2699 817 2707">
    <p class='ocr_par' dir='ltr' id='par_1_27' title="bbox 652 2699 817 2707">
     <span class='ocr_line' id='line_1_46' title="bbox 652 2699 817 2707; baseline 0 263"><span class='ocrx_word' id='word_1_331' title='bbox 652 2699 817 2707; x_wconf 95' lang='lat' dir='ltr'> </span> 
     </span>
    </p>
   </div>
   <div class='ocr_carea' id='block_1_27' title="bbox 173 2779 744 2820">
    <p class='ocr_par' dir='ltr' id='par_1_28' title="bbox 173 2779 744 2820">
     <span class='ocr_line' id='line_1_47' title="bbox 173 2779 744 2820; baseline -0.004 -7"><span class='ocrx_word' id='word_1_332' title='bbox 173 2779 206 2820; x_wconf 71' lang='lat'>²⁸)</span> <span class='ocrx_word' id='word_1_333' title='bbox 234 2779 274 2813; x_wconf 74' lang='lat' dir='ltr'>P.</span> <span class='ocrx_word' id='word_1_334' title='bbox 305 2779 377 2816; x_wconf 81' lang='lat'><strong>132.</strong></span> <span class='ocrx_word' id='word_1_335' title='bbox 404 2780 450 2811; x_wconf 80' lang='lat' dir='ltr'>A.</span> <span class='ocrx_word' id='word_1_336' title='bbox 477 2789 586 2820; x_wconf 81' lang='lat' dir='ltr'>usque</span> <span class='ocrx_word' id='word_1_337' title='bbox 617 2779 662 2811; x_wconf 77' lang='lat' dir='ltr'>ad</span> <span class='ocrx_word' id='word_1_338' title='bbox 686 2780 744 2811; x_wconf 82' lang='lat' dir='ltr'>fin.</span> 
     </span>
    </p>
   </div>
  </div>
 </body>
</html>
