1754 2964
299 208 378 248 108
679 203 1166 248 PROLEGOMENA
1199 204 1254 246 ad

297 334 345 361 re
375 319 418 360 in
452 318 654 374 Prolegg.
693 317 748 358 ad
778 317 1023 360 Phaedrum
1065 317 1332 373 disputatum
1362 322 1431 359 est
1451 315 1645 360 uberius.

298 375 471 417 Deinde
512 379 604 416 tota
642 373 748 416 haec
779 373 1013 430 descriptio
1042 374 1214 432 egregie
1244 373 1298 415 ad
1329 372 1646 431 unffimiffibfi

296 437 598 488 argumentum
628 436 672 473 et
709 431 935 473 consilium
967 436 1032 473 est
1061 429 1396 474 accommodata.
1455 430 1651 476 Exhibe-²

300 496 371 530 tur
411 489 523 530 enim
563 487 731 543 species
773 493 816 529 et
854 488 995 545 imago
1036 487 1349 542 adolescentis,
1391 489 1515 531 cuius
1554 489 1650 546 ipse

302 545 470 599 vultus,
512 544 686 586 habitus
729 550 859 599 atque
897 545 1042 587 >cultus
1080 544 1178 586 talis
1207 551 1296 598 est,
1324 550 1372 586 ut
1401 544 1526 588 facile
1554 551 1650 588 sus-

299 602 434 658 picari
474 601 603 643 liceat
640 602 769 642 etia-m
813 601 1000 642 animum
1042 601 1150 643 bene
1189 601 1563 656 compositum-at
1594 610 1648 645 ue

297 664 583 714 temperatum
623 659 666 698 in
706 672 757 698 eo
797 658 953 700 inesse.
1015 657 1125 711 Quis
1156 663 1223 699 est
1251 657 1397 716 igitur,
1431 655 1535 714 quin
1603 675 1650 701 o-

298 720 460 757 eratem
490 713 636 755 videat
667 713 912 756 Charmidis
944 714 1210 756 formositate
1241 719 1285 754 et
1307 712 1522 757 modestia
1549 714 1649 771 ideo

301 770 506 813 delectari
549 772 755 816 maxime,
796 771 899 826 quia
928 771 972 812 in
1004 786 1184 827 corpore
1214 770 1365 826 pulcro
1395 771 1524 814 etiam
1554 771 1651 829 pul-

298 842 416 870 oram
453 833 641 869 mentem
671 826 865 869 habitare
896 827 978 870 sibi
1007 825 1252 883 persuasit?
1296 827 1512 871 Nimirum
1540 835 1649 872 tem-

300 884 496 939 perantia
535 898 639 925 sane
678 884 739 925 ita
776 883 948 925 demum
988 898 1164 939 prorsus
1203 883 1441 941 absolvitur
1470 891 1516 928 et
1543 892 1649 928 oon-

300 945 560 993 summantur,
601 939 747 994 sicui
789 945 856 982 est
894 954 998 982 sana
1043 954 1164 982 mens
1201 939 1247 981 in
1291 938 1486 998 corpore»
1511 943 1645 986 'sana

301 995 434 1049 Quod
470 996 611 1052 ipsum
651 996 841 1038 sentiens
890 994 1094 1039 Socrates
1138 995 1390 1040 Platonicus
1434 1002 1651 1041 nontam

302 1067 497 1108 corporis
528 1052 706 1094 formosi
736 1052 961 1108 adspectu,
994 1068 1121 1108 quam
1153 1052 1284 1098 animi
1302 1053 1505 1101 modesti*
1519 1051 1651 1112 atque

301 1109 438 1166 pulcri
470 1109 735 1164 cogitatione
766 1109 978 1165 abripitur
1006 1115 1050 1151 et
1079 1109 1331 1165 percellitur
1359 1110 1414 1166 *).
1532 1155 1540 1159 ,
1616 1160 1627 1165 Δ

419 1165 543 1207 Haec
571 1166 705 1221 igitur
735 1171 839 1208 sunt
858 1167 946 1208 fere
976 1181 1089 1221 quae
1118 1166 1318 1208 Astius
1347 1165 1461 1210 in‘el
1502 1172 1508 1173 ’
1545 1168 1652 1210 ntis-

301 1222 410 1264 simo
441 1222 651 1264 sermonis
684 1221 861 1265 exordio
891 1222 1164 1278 vituperavit.
1225 1222 1396 1276 Quibus
1420 1236 1504 1280 exp
1522 1223 1652 1268 oratis

302 1277 528 1321 redeamus
567 1278 741 1321 tandem
771 1278 886 1321 unde
920 1278 1162 1334 paullulum
1196 1279 1554 1335 deflexitforatiQ
1587 1286 1652 1324 at-

303 1351 388 1391 que
415 1350 544 1391 porro
576 1334 628 1377 de
659 1336 757 1378 libri
794 1341 1049 1392 argumento
1088 1335 1324 1379 videamus.
1382 1336 1652 1392 It'aque‘SOn¹

303 1398 445 1434 crates
475 1391 590 1448 apud
622 1393 850 1434 Platonem
882 1392 943 1433 ita
972 1392 1061 1434 fere
1091 1393 1234 1449 pergit
1262 1406 1487 1436 narrare*
1517 1400 1520 1403 ’

415 1447 498 1490 His
539 1448 722 1502 auditis,
762 1449 928 1503 inquit,
974 1463 1055 1505 ego
1095 1449 1303 1506 rogabam
1354 1449 1558 1506 Critian),
1603 1456 1652 1493 ut

303 1510 542 1547 arcesseret
588 1505 982 1560 adolescentulum,
1025 1521 1111 1560 quo
1150 1505 1253 1547 mihi
1293 1522 1390 1549 cum
1429 1522 1482 1550 eo
1519 1507 1653 1550 collo-

303 1561 465 1617 quendi
496 1567 539 1602 et
567 1561 788 1618 ingenium
819 1562 910 1603 eius
942 1561 1195 1618 explorandi
1224 1562 1349 1605 fieret
1378 1564 1517 1620 copia.
1557 1563 1652 1606 Ad-

303 1618 477 1660 vocavit
508 1618 666 1674 igitur,
707 1625 837 1672 atque
876 1618 983 1661 scite
1015 1634 1082 1660 me
1114 1624 1157 1660 et
1181 1619 1346 1662 urbane
1377 1620 1416 1671 ei
1445 1626 1650 1676 tanquam

303 1674 515 1716 medicum
549 1674 886 1726 commendavit3
926 1681 1190 1730 conquestus
1232 1676 1345 1718 enim
1376 1682 1467 1718 erat
1496 1676 1552 1720 de
1581 1688 1653 1719 ca-

304 1731 406 1787 pitis
446 1730 683 1773 doloribus.
754 1732 933 1773 Praeter
970 1732 1215 1787 opinionem
1251 1747 1355 1774 vero
1397 1732 1652 1776 adolescens

304 1803 370 1829 me
412 1787 556 1830 statim
595 1788 768 1830 nomine
806 1804 902 1830 meo
941 1789 1240 1845 compellavit,
1289 1794 1339 1831 ut
1377 1803 1505 1845 quem
1534 1789 1654 1835 ¹olim

304 1859 402 1886 cum
433 1842 570 1885 Critia
599 1851 926 1887 conversantem
958 1845 1257 1902 cognovisset,
1297 1845 1575 1906 rogavitque,
1605 1851 1656 1888 ut

305 1901 388 1943 sibi
428 1899 663 1942 remedium
695 1901 850 1957 capitis
882 1901 1080 1943 dolorum
1121 1901 1370 1952 indicarem.
1429 1898 1657 1960 Respondi

305 1973 387 2013 ego
418 1956 523 1998 illud
555 1971 650 1999 esse
679 1957 829 1999 folium
859 1957 1092 2013 quoddam,
1123 1958 1240 2012 quod
1269 1963 1414 2001 tamen
1437 1959 1528 2001 sine
1561 1969 1675 2001 car-'

306 2014 419 2055 mine
449 2014 755 2056 incantationis
786 2014 828 2055 vi
859 2014 1104 2057 medicandi
1123 2020 1300 2059 careret.
1361 2014 1495 2067 Quod
1523 2015 1651 2069 enirn,

300 2070 497 2124 inquam,
536 2070 638 2111 boni
678 2069 794 2126 apud
823 2086 902 2112 nos
932 2071 1088 2112 medici
1127 2071 1269 2113 solent
1305 2071 1527 2126 dictitare,
1567 2082 1656 2114 non

306 2141 436 2189 posse
477 2140 606 2166 unam
646 2126 835 2181 aliquam
875 2127 1068 2182 corporis
1116 2133 1283 2183 partem
1330 2133 1447 2169 recte
1494 2127 1652 2182 sanari,

306 2182 393 2223 nlsi
432 2187 705 2236 respectetur
742 2183 878 2224 totius
919 2184 1111 2239 corporis
1159 2183 1387 2238 valetudo,
1435 2183 1550 2236 idem
1582 2183 1654 2226 *de
1699 2200 1702 2201 ⁷

306 2237 390 2280 hoc
422 2237 736 2290 medicamento
766 2238 1001 2280 tenendum
1030 2244 1111 2294 est,
1143 2240 1214 2281 cui
1245 2239 1328 2281 nisi
1348 2239 1670 2291 incantationis,

306 2293 489 2336 formula
532 2295 800 2349 accesseritw
827 2295 991 2336 frustra
1032 2311 1083 2337 eo
1123 2295 1179 2336 ad
1216 2296 1446 2339 leniendos
1482 2295 1656 2340 dolores

307 2350 459 2392 uteris.
536 2350 709 2392 Etenim
745 2367 904 2407 nuper,
962 2353 1094 2407 quu'm
1135 2352 1180 2393 in
1219 2352 1407 2395 Thracia
1442 2366 1651 2408 versarer,

307 2406 484 2449 edocuit
518 2422 585 2448 me
617 2407 792 2462 quidam
823 2408 1088 2450 Zamolxidis
1117 2408 1343 2464 sacerdos,
1377 2408 1653 2465 quemadmo-

309 2462 412 2505 dum
442 2463 639 2519 singulae
668 2464 861 2520 corporis
881 2475 1026 2520 partes
1056 2464 1150 2507 sine
1181 2465 1314 2509 totius
1332 2466 1526 2522 corpOris
1551 2474 1655 2509 cura

386 2668 417 2707 ⁴⁴)
449 2648 645 2707 Xenoph.
671 2666 788 2699 Mem.
814 2667 878 2699 IV.
909 2667 938 2707 l,
967 2672 997 2703 2.
1030 2666 1188 2700 πολλάκις
1213 2666 1276 2711 γὰρ
1309 2667 1376 2711 ἔφη
1395 2666 1467 2708 ,μὲν
1497 2655 1539 2699 ἔν
1563 2676 1654 2699 τινος

449 2709 542 2753 ἐρᾶν,
573 2709 726 2755 φανερὸς
762 2708 789 2743 δ’
823 2708 865 2754 ἦν
898 2709 941 2745 οὐ
973 2714 1039 2746 τῶν
1070 2711 1107 2745 τὰ
1140 2712 1275 2755 σώματα
1306 2711 1395 2756 πρὸς
1425 2709 1538 2756 αἴραν,
1575 2708 1654 2745 ἀλλὰ

451 2757 517 2788 τῶν
543 2755 600 2790 τὰς
623 2755 734 2798 ψυχὰς
760 2756 848 2799 πρὸς
875 2754 997 2801 ἀρετὴν
1020 2754 1059 2792 εὖ
1085 2757 1290 2802 πεφυκότων
1314 2757 1523 2801 ἐφιέμενοι·
1575 2775 1578 2777 >
1619 2784 1622 2786 -
1645 2780 1649 2783 ,
