1742 2970
1526 0 1661 15 ”Nor-rt·
1680 0 1742 86 Ἰι

286 242 368 282 204
680 238 1161 282 PROLEGOMENA
1195 241 1246 281 ad

287 360 414 396 antea
443 354 749 408 loquebamur,
781 358 829 395 ut
856 353 900 394 hi
929 358 972 395 te
1001 353 1293 406 deseruerint,
1335 368 1417 410 ego
1455 359 1502 404 te
1530 367 1634 396 con-

287 410 421 453 stanti
460 425 604 452 amore
645 425 899 466 prosequar.
957 409 1073 459 Nam
1103 411 1292 452 animum
1324 409 1413 453 veri
1440 409 1635 465 mutique

287 472 499 508 amantem
537 475 749 522 perpetuo
789 466 1021 522 diligimus.
1081 466 1152 508 Tu
1191 473 1334 509 autem
1361 480 1485 508 nunc
1507 465 1635 509 in-'eo

287 524 443 565 aetatis
485 521 590 565 flore
631 523 892 565 constitutus
933 537 1005 577 es,
1050 527 1099 564 ut
1138 538 1272 578 quum
1301 523 1440 564 torma
1468 521 1638 578 ettpul-

288 579 460 622 critudo
491 580 685 634 corporis
717 579 915 634 decedat,
946 579 1041 635 ipse
1073 579 1239 622 animus
1258 585 1362 622 tuus
1382 579 1474 620 iam
1488 578 1646 643 vigere>

288 635 460 678 demum
497 636 701 693 incipiat?
759 636 852 679 Ubi
889 636 1026 692 igitur
1062 635 1173 678 hanc
1202 636 1283 678 tibi
1313 648 1639 678 conservaveris

288 693 420 734 animi
457 692 665 735 virtutem
707 708 851 748 neque
891 692 1008 748 turpi
1038 693 1177 749 plebis
1208 692 1458 734 adulatione
1488 695 1640 734 conta*

288 749 543 802 minaveris,
602 765 827 805 nunquam
882 749 1076 791 futurum
1135 755 1227 803 est,
1287 755 1337 791 ut
1394 763 1537 790 amare
1594 753 1640 790 te

290 805 484 848 desinam
514 806 569 860 *).
1496 827 1501 830 ·
1527 807 1530 810 ’

401 883 499 927 Hac
539 884 734 927 oratione
774 889 1014 927 commotus
1054 883 1308 926 adolescens
1339 889 1382 926 et
1411 882 1455 936 vi
1484 882 1641 924 verita-

289 940 345 983 tis
392 939 618 997 perculsus
664 946 873 996 protenus
925 939 1152 983 Socratem
1200 939 1309 993 illud
1348 944 1519 996 rogat„
1576 951 1643 981 ua

291 997 509 1039 ratione
542 996 725 1039 nostri
755 1011 942 1039 curam
973 996 1175 1052 optime
1221 1002 1492 1055 geramus.
1576 1000 1642 1042 ta-

294 1068 378 1107 que
425 1053 496 1095 hio
547 1053 634 1095 vim
686 1058 728 1094 et
778 1053 1038 1095 sententiam
1091 1052 1198 1095 dicti
1239 1050 1364 1107 illius
1412 1048 1642 1110 Delphiciz

293 1109 337 1151 N
349 1126 374 1152 o
386 1125 405 1151 s
418 1125 440 1151 c
454 1125 476 1151 e
508 1115 527 1151 t
539 1125 560 1151 e
592 1110 644 1164 ip
657 1125 676 1152 s
690 1125 718 1150 u
729 1125 771 1150 m
785 1141 796 1163 ,
831 1109 1051 1152 declarare
1080 1108 1283 1151 instituit.
1344 1105 1446 1162 Qua
1475 1107 1520 1149 in
1542 1105 1643 1161 *dis-

290 1166 515 1222 putatione
546 1166 682 1207 utitur
711 1166 1032 1222 comparatione
1065 1165 1120 1207 ad
1150 1165 1218 1219 id,
1255 1162 1374 1220 quod
1405 1163 1644 1220 explicatu·
1700 1196 1712 1207 .

293 1238 367 1264 rus
401 1228 482 1277 est,
515 1222 821 1264 illustrandum
850 1222 967 1264 haud
997 1237 1100 1265 sane
1131 1223 1291 1278 inepta.
1352 1214 1644 1274 Quemadmo-

293 1279 410 1333 dum,
440 1280 598 1334 inquit,
631 1279 667 1320 si
699 1279 796 1334 quis
827 1279 953 1321 oculo
985 1279 1178 1335 corporis
1203 1277 1486 1334 praeciperet,
1518 1282 1568 1325 ut
1597 1276 1650 1333 se¹

293 1336 436 1390 ipsum
465 1335 849 1390 contemplaretur,
882 1336 918 1378 is
947 1335 1053 1376 nihil
1071 1334 1188 1377 aliud
1217 1334 1348 1376 vellet
1374 1333 1485 1389 fieri,
1516 1346 1647 1389 quam

293 1397 343 1434 ut
373 1391 525 1433 oculus
555 1391 602 1433 id
631 1391 950 1446 consideraret,
990 1391 1111 1434 cuius
1142 1392 1186 1433 vi
1217 1389 1524 1446 semetipsum
1554 1392 1645 1433 cei·-

294 1454 445 1502 neret,
484 1447 531 1489 id
562 1454 631 1490 est
671 1448 843 1490 oculum
883 1448 1015 1490 alium
1055 1449 1235 1503 eiusque
1270 1447 1428 1498 aciem3
1468 1445 1530 1488 ita
1572 1446 1647 1501 qui

294 1505 513 1547 hominem
548 1504 669 1547 iubet
708 1510 845 1546 semet
882 1505 1025 1561 ipsum
1063 1518 1280 1559 noscere,
1309 1517 1406 1546 eum
1430 1502 1543 1545 -vult
1581 1504 1654 1544 in-

295 1560 410 1603 tueri
450 1567 493 1603 et
534 1560 810 1603 considerare
841 1560 910 1616 id,
952 1561 1069 1616 quod
1098 1561 1186 1616 ipsi
1217 1566 1284 1603 est
1310 1555 1648 1615 simillimumre't

295 1632 438 1659 veram
458 1617 766 1659 humanitatem
786 1618 1104 1674 complectitur,
1134 1617 1219 1659 hoc
1237 1622 1304 1659 est
1323 1615 1514 1658 animum
1534 1615 1648 1657 eius-

298 1688 383 1729 que
423 1679 591 1730 partem
635 1675 1069 1730 praestantissimam.
1140 1674 1224 1716 Est
1251 1679 1399 1715 autem
1429 1673 1474 1715 in
1504 1672 1647 1714 animo

296 1735 447 1772 nostro
484 1729 592 1772 nihil
619 1730 771 1772 melius
800 1736 943 1772 mente
973 1735 1015 1772 et
1045 1730 1284 1786 sapientia,
1327 1731 1414 1784 qua
1442 1742 1530 1770 una
1558 1740 1648 1769 ma-

297 1786 507 1828 xime-:ad
557 1786 881 1829 similitudinem
928 1802 1026 1829 cum
1075 1786 1157 1829 deo
1211 1785 1444 1829 evehimur.
1518 1783 1647 1827 Hanc

297 1843 433 1899 igitur
472 1843 547 1898 qui
584 1843 801 1898 intuetur,
841 1844 879 1885 is
918 1858 987 1885 res
1027 1841 1197 1885 divinas
1229 1848 1274 1885 at
1309 1857 1360 1884 ue
1391 1840 1649 1899 sapientiam

299 1914 475 1943 cernere
502 1898 760 1942 iudicandus
792 1906 880 1954 est,
922 1915 1060 1954 eoque
1092 1899 1221 1942 simul
1249 1857 1306 1940 ad
1335 1897 1404 1941 sui
1434 1897 1649 1954 cognitio-

298 1971 397 1998 nem
441 1956 678 2013 pervenire.
754 1956 826 1999 Ex
871 1971 956 2010 quo
1004 1957 1201 1998 nascitur
1249 1955 1378 1997 etiam
1415 1952 1650 2012 prudentia

299 2013 392 2055 sive
431 2011 714 2069 σωφροσύνη.
784 2013 901 2055 Nam
932 2013 1006 2068 qui
1037 2027 1083 2055 se
1112 2013 1267 2068 ipsum,
1286 2010 1430 2064 novit,
1461 2010 1499 2052 is
1532 2024 1649 2052 men-

299 2074 387 2109 tem
423 2068 557 2111 habet
601 2069 712 2111 bene
758 2075 1041 2125 temperatam
1088 2064 1273 2122 ideoque
1320 2066 1513 2122 prudens
1561 2070 1648 2116 est;

301 2124 377 2179 qui
415 2139 461 2166 se
502 2134 654 2166 contra
681 2125 876 2181 ignorat,
917 2140 1020 2167 vera
1050 2124 1301 2171 destituitur
1369 2121 1570 2165 rudentia
1599 2136 1650 2166 ao

299 2195 353 2221 ne
382 2195 526 2221 rerum
564 2180 739 2235 quidem
769 2195 944 2222 suarum
983 2180 1312 2238 intelligentiam
1339 2139 1473 2221 Eabet
1500 2178 1648 2232 ullam,

300 2235 339 2278 si
376 2235 551 2291 quidem
591 2236 828 2279 diiudicare
866 2253 951 2278 non
991 2243 1162 2292 potest,
1210 2242 1355 2278 utrum
1406 2236 1544 2278 bonae
1593 2249 1650 2276 an

300 2292 436 2334 malae
466 2292 565 2334 sint.
625 2294 773 2347 Atque
802 2309 853 2334 ex
886 2293 953 2335 his
986 2293 1184 2335 omnibus
1217 2291 1441 2349 evidenter
1472 2296 1651 2348 apparet

300 2347 512 2391 eiusmodi
549 2348 767 2391 hominem
805 2364 886 2391 nec
928 2349 984 2391 ad
1010 2349 1318 2406 rempublicam
1349 2347 1650 2390 administran-

303 2404 400 2446 dam
429 2404 632 2446 idoneum
663 2420 782 2458 esse,
815 2406 851 2448 si
883 2405 1057 2461 quidem
1086 2406 1150 2460 is,
1184 2406 1258 2460 qui
1287 2420 1332 2447 se
1365 2400 1551 2461 suasque
1581 2417 1650 2445 res

301 2462 498 2515 inorat,
555 2477 608 2503 ne
663 2462 845 2504 aliorum
894 2462 1069 2517 quidem
1118 2461 1411 2519 cognitionem
1459 2459 1648 2502 habebit.

350 2531 461 2573 eque
492 2517 605 2559 enim
633 2518 873 2575 intelliget,
905 2518 1011 2574 quid
1041 2519 1124 2562 sibi
1154 2517 1397 2561 faciendum
1427 2516 1498 2570 sit,
1528 2514 1649 2556 ideo-

305 2589 390 2629 que
429 2573 474 2616 in
515 2573 718 2616 curandis
758 2575 946 2631 negotiis
988 2575 1176 2630 publicis
1213 2574 1397 2630 turpiter
1434 2571 1646 2629 peccabit.

372 2786 405 2827 2⁸)
431 2787 471 2818 P.
499 2787 576 2820 127.
602 2787 646 2819 D.
678 2805 712 2810 -
742 2788 819 2822 132.
847 2791 891 2820 A.

1724 94 1731 142 ἒ
