1742 2970
327 201 409 242 242

809 200 1187 245 PLATONJS

398 318 504 361 AA.
559 310 626 360 'H
660 314 711 360 τὸ
748 309 828 360 ὧδε
868 319 1022 373 λὲγεις,
1060 311 1091 360 ὦ
1129 315 1386 376 Σώκρατες,
1424 316 1490 364 τὸ’
1512 321 1687 369 δικαίως

332 382 359 435 ἢ
400 381 448 427 τὸ
483 382 670 437 ἀδίκως;

431 461 541 507 ΣΩ.
607 459 732 504 Αὐτὸ
770 463 920 505 τοῦτο.

436 528 540 572 ΑΛ.
608 524 741 571 Ἀλλά
776 525 866 584 μὴν
891 526 1034 573 ’τοῦτό
1081 545 1127 583 γε
1163 531 1360 589 διαφέρει
1392 526 1500 573 ὅλον
1533 545 1578 574 τε
1616 532 1688 574 καὶ

334 597 439 638 πᾶν.

434 671 540 714 ΣΩ.
616 674 669 714 Τι’
717 664 825 727 οἴω
879 670 886 684 ‘

887 672 1147 725 Αθηναιόις
1202 670 1255 716 σὺ
1312 672 1424 731 πρὸς
1476 676 1689 730 ποτέρους

333 736 668 794 συμβουλεύσεις
709 740 936 795 πολεμεῖν,
985 737 1090 790 τοὺς
1125 738 1394 791 ἀδικοῦντας
1427 737 1454 793 ἢ
1493 739 1598 791 τοὺς
1631 737 1686 782 τὰ

332 807 477 848 δίκαιοι
514 804 818 862 πράττονταςς

440 883 544 925 AA.
615 880 771 926 Λεινὸν
816 880 953 926 τοῦτό
987 899 1033 938 γε
1070 885 1248 940 ἐρωτᾷς.
1297 889 1333 929 εἰ
1367 882 1454 942 γὰρ
1487 886 1560 928 καὶ
1594 885 1689 927 δια-

345 951 513 992 νοεῖταί
546 965 624 999 τις,
659 947 718 998 ὡς
752 950 815 991 δεῖ
850 946 961 1006 πρὸς
995 945 1099 999 τοὺς
1135 947 1190 991 τὰ
1226 954 1374 995 δίκαια
1408 949 1690 1010 πράττοντας

334 1018 551 1071 πολεμεῖν,
591 1013 671 1060 οὐκ
702 1012 760 1059 ἂν
795 1013 1077 1071 ὁμολογήσειε
1112 1033 1173 1068 γε.

434 1091 540 1136 ΣΩ.
614 1091 676 1138 Οὐ
711 1091 797 1150 γὰρ
835 1091 1025 1150 νόμιμον
1061 1092 1220 1146 τοῦθ’,
1255 1092 1313 1146 ὡς
1348 1097 1505 1139 ἕοικεν;

436 1161 544 1203 ΑΛ.
616 1158 678 1203 Οὐ
719 1162 855 1213 δῆτα·
895 1158 997 1204 οὐδὲ
1031 1176 1077 1214 γε
1112 1157 1252 1204 καλὸν
1283 1163 1404 1206 δοκεῖ
1437 1159 1562 1206 εἶναι.

436 1224 538 1270 ΣΩ.
608 1224 737 1283 Πρὸς
771 1225 897 1270 ταῦτ’
939 1222 1028 1282 ἄρα
1065 1228 1137 1270 καὶ
1174 1224 1226 1271 σὺ
1265 1225 1334 1286 [τὸ
1359 1227 1549 1288 δίκαιον]
1586 1227 1691 1280 τοὺς

334 1290 495 1346 λόγους
532 1290 728 1345 ποιήσει·
721 1327 732 1348 ,

435 1359 540 1402 AA.
604 1357 810 1414 Ἀνάγκη.

441 1425 547 1469 ΣΩ.
607 1422 743 1469 ’Ἀλλο
781 1441 822 1467 τι
859 1441 952 1476 ουν,
988 1421 1012 1468 ὃ
1051 1426 1148 1468 νῦν
1167 1422 1220 1478 δὴ
1258 1422 1336 1481 ἐγώ
1377 1415 1557 1483 ἠρώτων
1590 1428 1687 1483 βέλη

334 1508 432 1536 τιον
479 1489 591 1550 πρὸς
637 1489 688 1536 τὸ
727 1493 933 1548 πολεμεῖν
969 1493 1042 1535 καὶ
1077 1490 1163 1547 μή,
1206 1493 1279 1536 καὶ
1317 1491 1384 1544 οἷς
1417 1494 1482 1537 δεῖ
1513 1495 1587 1537 καὶ
1623 1491 1690 1544 οἷς

420 1640 471 1677 *H
490 1643 536 1676 τὸ
565 1638 644 1677 ὦδε
670 1643 824 1687 λέγεις]
851 1643 911 1676 Sic
935 1643 1040 1678 Coisi.
1066 1654 1108 1677 ex
1134 1655 1200 1678 em.
1226 1655 1287 1688 pro
1303 1647 1395 1689 vulg.
1422 1640 1478 1679 Εὖ
1502 1645 1542 1679 τὰ
1569 1640 1634 1680 ὦδε
1659 1648 1687 1680 λ.

333 1689 425 1732 quod
451 1690 676 1723 emendarunt
702 1690 831 1722 Buttm.
857 1692 892 1722 et
918 1689 1027 1722 Bekk.

426 1734 447 1776 ἢ
473 1734 520 1767 τὸ
550 1734 729 1777 ἀδίκως]
755 1734 794 1766 τὸ
827 1735 955 1767 inserui
976 1733 1025 1768 ex
1053 1734 1152 1769 Bodi.
1181 1734 1289 1769 Coisl.
1314 1737 1497 1772 Vat.Veu.
1515 1736 1562 1770 Π.
1591 1737 1684 1771 Mon.

333 1780 438 1813 Vind.
463 1781 496 1815 1.
522 1779 553 1814 9.
580 1781 672 1814 Fior.
698 1780 730 1814 d.
759 1783 794 1813 et
819 1780 945 1812 Procio

972 1791 1005 1823 p.
1030 1779 1110 1814 212.

428 1826 469 1859 C.
518 1825 656 1858 ὁπότε
682 1825 754 1857 καὶ
778 1824 854 1868 μή,
880 1825 926 1857 τὸ
956 1824 1262 1869 δικαιότερον]
1289 1827 1385 1862 Vett.
1412 1827 1508 1861 editt.
1538 1833 1618 1860 ante
1644 1826 1684 1860 τὰ

334 1870 553 1914 δικαιότερον
576 1872 762 1904 inferciunt
787 1870 827 1912 ἤ,
852 1870 947 1912 quod
973 1872 1036 1904 soii
1065 1875 1204 1904 tuentur
1229 1872 1310 1906 Par.
1336 1872 1414 1908 EF.
1455 1873 1506 1906 De
1529 1878 1687 1906 constru-

335 1917 450 1951 ctione
473 1927 505 1950 v.
530 1916 663 1952 Heusd.
692 1917 797 1960 Spec.
824 1917 909 1949 Crit.
935 1927 967 1959 p.
994 1916 1048 1953 59.
1074 1920 1110 1950 et
1133 1917 1314 1952 Heindorf.
1339 1918 1382 1951 ad
1398 1917 1546 1961 Euthyd.
1560 1929 1592 1962 p.
1608 1918 1688 1954 349.

379 2028 422 2061 Β.
465 2023 514 2062 ξ’1-1
539 2027 587 2061 τὸ
627 2022 705 2061 ιῖδε
737 2027 877 2070 λέγεις
907 2028 975 2070 -]

333 2074 542 2107 Dubitanter
595 2074 786 2116 interrogat
833 2074 975 2107 adoles-

333 2129 438 2159 cens,
470 2119 563 2160 quod
596 2119 789 2152 mirandum
826 2130 893 2152 non
922 2123 976 2152 est

332 2164 367 2196 in
409 2163 642 2206 sophistarum
682 2163 868 2205 discipulo,
919 2164 974 2206 qui

333 2209 486 2242 iustitiae
522 2209 665 2241 rationis
703 2210 864 2242 soiebant
896 2219 974 2250 per-

333 2257 470 2287 vertere
511 2258 712 2294 temereque
752 2253 974 2295 confundere,

333 2300 436 2331 sicuti
462 2298 546 2331 facit
565 2297 840 2340 Thrasymachus
865 2300 974 2341 primo

332 2344 419 2377 libro
452 2343 496 2376 de
530 2344 731 2386 Republica.
790 2345 909 2387 ltaque
932 2354 975 2377 ne

332 2389 388 2422 hic
415 2388 554 2431 quidem
576 2388 788 2422 haerendum
813 2395 974 2434 putamus

333 2444 411 2468 cum
437 2434 866 2469 Schieiermachem.

380 2501 580 2546 διαφέρει
640 2501 745 2534 δ’λον
803 2514 849 2535 τε
904 2500 976 2534 καὶ

332 2546 431 2590 πᾶν]
456 2547 502 2581 V.
527 2546 570 2579 ad
597 2546 772 2583 Phaedon.
800 2559 831 2590 p.
858 2547 913 2583 79.
931 2547 972 2580 Ε.

331 2592 448 2635 ibique
471 2590 866 2635 Wyttenbachium

379 2659 419 2692 C.
467 2658 532 2704 Πρ
541 2657 587 2696 ὃς
622 2659 746 2693 ταῦτ’
779 2659 866 2704 ἄρα
900 2658 973 2692 καὶ

333 2703 377 2737 σι)
419 2704 485 2748 [τὸ
513 2672 602 2750 ρδ.]]
643 2706 664 2739 ἰ.
702 2717 733 2739 e.
771 2705 823 2739 ad
863 2705 973 2739 haec

331 2751 449 2794 respi
462 2751 593 2787 ciens.
643 2752 772 2786 Ulcus
763 2762 795 2785 m
811 2752 860 2785 his
884 2753 973 2787 inest

1464 2028 1552 2064 Nam
1592 2029 1686 2063 istud

1045 2071 1085 2105 τό
1135 2073 1286 2114 δίκαιον,
1324 2075 1416 2116 quod
1456 2079 1538 2118 post
1574 2078 1687 2107 ταῦτα

1044 2098 1688 2208 3335‘3232‘252?'5335‘33'32‘231

1043 2209 1338 2250 gumentationem
1366 2211 1521 2244 mirifice.
1547 2211 1686 2254 Quippe

1043 2254 1214 2295 colligitur
1237 2253 1378 2289 demum
1405 2266 1448 2289 ex
1473 2255 1522 2289 his
1546 2257 1579 2290 in
1604 2267 1686 2299 pro—

1042 2298 1162 2340 ximis,
1196 2299 1276 2342 quid
1310 2301 1356 2334 sit
1386 2300 1426 2334 τὰ
1456 2301 1685 2358 δικαιότερον.

1042 2344 1163 2386 ltaque
1199 2345 1252 2378 hic
1289 2346 1428 2389 quidem
1475 2345 1516 2380 τό
1557 2347 1687 2380 δίκαιον

1042 2389 1334 2432 importunissime
1379 2396 1602 2426 memoratur.
1641 2408 1687 2418 —-

1043 2434 1176 2469 Deinde
1199 2437 1381 2472 articulum
1418 2447 1462 2472 ne
1486 2438 1561 2480 quis
1587 2439 1687 2480 putet

1042 2481 1074 2513 in
1107 2482 1222 2515 verbis
1257 2481 1343 2519 τοὺς
1378 2481 1504 2526 λόγοις
1547 2482 1686 2524 ποιήσει

1041 2525 1248 2561 redundare.
1295 2527 1386 2562 Sunt
1410 2529 1499 2562 enim
1525 2527 1608 2562 haec
1633 2528 1685 2560 sic

1041 2572 1259 2614 accipiendaz
1316 2584 1388 2606 eas
1435 2574 1683 2614 orationes,

1041 2627 1147 2658 quas
1179 2617 1416 2653 habiturus
1456 2629 1521 2660 en,
1558 2618 1684 2653 hube-

1042 2662 1119 2697 bis
1144 2672 1175 2695 v.
1198 2663 1434 2698 Hermann.
1460 2662 1592 2708 adSop
1595 2663 1684 2698 hoel.

1040 2706 1170 2741 Eiectr.
1202 2675 1686 2755 294.Kr1·iger.adpmo-

1040 2752 1376 2798 115⁸.Ha1.p.126.

1046 2038 1128 2061 ense
1162 2028 1402 2063 resecandum.
