1754 2964
307 191 360 230 ⁶28
698 185 1181 230 PROLEGOMENA
1213 186 1265 228 ad

296 299 502 343 ,Platonis
542 316 583 356 p.
621 300 704 342 454
736 314 831 355 sqq.
880 299 1138 342 labefactare
1171 298 1362 351 studuit,
1394 298 1644 349 cuiue-en-

306 356 487 399 tentiam
518 371 604 398 non
635 355 866 399 defuerunt
896 356 970 411 qui
1001 362 1045 398 et
1063 356 1155 412 ‘ipsi
1182 355 1385 411 cupidius
1413 356 1645 413 &afflecte-

305 420 466 456 rentur.
527 414 570 455 A
587 413 745 468 quibus
763 413 891 456 sicuti
922 413 1022 455 olim
1040 413 1225 469 professi
1250 427 1400 456 sumus
1418 412 1646 513 ”mig-ne

306 469 560 524 dissentire,
607 469 668 512 ita
705 485 819 512 nunc
859 485 1055 525 quoque,
1105 485 1150 512 re
1189 475 1468 514 controversa
1560 470 1646 514 nuo

306 535 531 583 perpensa,
562 526 770 569 iudicium
800 534 993 569 nostrum
1012 541 1188 583 prorsus
1205 527 1485 584 seiungimus.
1542 526 1648 570 Ete-

306 583 394 625 nim
430 583 601 626 videtur
622 583 688 625 vir
726 583 797 625 ille
828 583 1042 640 egreorius,
1074 583 1148 639 qui
1177 582 1416 630 Lachetem
1445 599 1471 626 a
1530 589 1646 636 oste-

306 640 432 682 rioris
469 640 622 683 aetatis
661 640 873 696 scriptore
913 619 1059 695 aliquo
1098 639 1154 682 ad
1181 639 1475 686 imitationem]
1533 646 1648 684 rotw-

307 712 438 754 gorae
479 697 767 752 compositum
808 711 900 739 esse
942 695 1180 750 contendit,
1220 696 1405 752 primum
1433 712 1487 741 eo
1514 697 1651 741 falsus

307 769 425 806 esse,
466 752 587 808 quod
613 755 747 796 totius
775 753 1024 808 scriptionis
1053 768 1193 809 neque
1223 753 1481 797 sententiam
1509 759 1648 810 neque

307 818 440 852 artem
497 817 538 851 et
592 810 948 865 compositionem
996 809 1100 853 satis
1158 817 1428 865 perspectam
1485 810 1647 855 habuit.

307 866 415 909 Inde
456 867 565 908 enim
605 867 766 908 factum
797 873 886 919 est,
927 872 975 908 ut
1003 867 1136 908 multa
1165 882 1243 922 pro
1273 865 1460 923 putidis,
1499 867 1649 921 fatuis,

307 922 518 976 inficetis,
580 922 735 978 ineptis
780 922 965 976 denique
1012 922 1215 975 haberet,
1254 938 1374 978 xquae
1425 924 1650 982 scriptoris

309 985 451 1021 mente
490 985 619 1034 atque
659 988 750 1020 arte
783 978 889 1020 bene
932 985 1162 1034 perspecta
1201 994 1325 1020 nemo
1363 981 1651 1039 nonxelegan-

307 1035 472 1078 tissima,
500 1051 596 1078 esse
627 1036 823 1077 fateatur.
883 1034 1053 1076 Deinde
1084 1034 1209 1090 quodv
1238 1034 1353 1077 idem
1383 1035 1454 1079 ille
1483 1036 1652 1087 Lache-

310 1099 395 1134 tem
435 1092 586 1134 statuit
615 1091 670 1133 ad
706 1092 986 1134 imitationem
1019 1092 1285 1148 Protagorae
1315 1107 1408 1134 esse
1439 1093 1652 1150 composi-

311 1156 416 1202 tum,
448 1148 528 1190 hac
559 1164 730 1204 quoqne
759 1148 803 1189 in
832 1155 951 1204 parte
981 1149 1074 1190 sine
1104 1147 1236 1190 dubio
1267 1149 1448 1191 multum
1479 1165 1506 1192 a
1534 1155 1651 1193 recto

310 1205 535 1248 aberravit.
612 1205 721 1247 Nam
766 1205 807 1246 in
843 1204 1027 1260 singulis
1069 1203 1243 1259 quidem
1281 1205 1424 1248 verbis
1460 1221 1514 1249 ac
1553 1222 1650 1249 sen-

311 1262 456 1304 tentiis
496 1261 601 1303 nihil
640 1261 876 1316 quidquam
919 1260 1244 1317 deprehendas,
1277 1261 1395 1317 quod
1422 1262 1652 1309 'manifesto

312 1335 365 1361 ex
405 1319 644 1374 Protagora
682 1318 908 1375 repetitum
947 1318 1025 1371 sit,
1067 1325 1115 1359 ut
1151 1334 1204 1359 ne
1243 1319 1441 1361 Astius
1480 1318 1654 1374 quidem

313 1375 547 1432 quidquam
585 1375 628 1416 id
677 1391 812 1432 genus
855 1374 1005 1417 afferre
1047 1375 1258 1430 potuerit,
1300 1375 1383 1418 nisi
1421 1376 1531 1419 fort!
1561 1375 1652 1425 xhuc

311 1432 599 1486 revocaveris,
631 1447 741 1486 quae
774 1432 1023 1473 memoravit
1060 1448 1102 1488 p.
1133 1433 1231 1475 436.
1261 1430 1321 1486 μή
1351 1433 1495 1483 ἄλλως
1521 1438 1652 1488 ποίει,

313 1494 385 1532 καὶ
414 1487 556 1538 ἄλλως
585 1506 654 1531 και
696 1490 748 1541 δι’)
781 1493 876 1543 καὶ,
919 1487 970 1529 τὰ
1008 1504 1063 1530 σα
1092 1487 1118 1530 i.
1151 1504 1188 1531 e.
1217 1486 1285 1542 σύ,
1323 1485 1371 1532 τό
1403 1487 1585 1543 &flustri-
1616 1505 1652 1534 e.

311 1544 409 1600 ἐγώ,
440 1561 550 1601 quae
581 1551 694 1588 certe
725 1561 811 1587 non
830 1544 1074 1599 imitationi,
1106 1545 1183 1588 sed
1214 1545 1429 1588 communi
1447 1545 1653 1602 loquendi

311 1601 612 1645 consuetudini
668 1601 816 1644 deberi
866 1601 1137 1644 manifestum
1199 1608 1331 1644 extat.
1384 1602 1652 1647 Universae

312 1666 454 1701 autem
491 1657 794 1714 disputationis
836 1670 1131 1714 argumentum
1173 1658 1209 1701 si
1248 1665 1518 1715 spectamus,
1560 1659 1653 1715 'etsi

313 1714 418 1758 illud
458 1715 540 1756 tale
573 1721 649 1769 est,
682 1721 730 1756 ut
758 1715 984 1769 utriusque
1015 1715 1112 1757 libri
1134 1715 1429 1764 arctissimam·
1453 1731 1547 1759 esse
1578 1731 1650 1758 ne·-

313 1772 619 1815 c-essitudinem
649 1778 801 1828 sponte
831 1778 1050 1827 appareat,
1083 1781 1225 1825 tamen
1254 1771 1424 1821 minime
1443 1771 1544 1815 inde
1564 1773 1652 1815 col-

315 1828 390 1886 ligi
420 1829 523 1870 licet
552 1829 790 1871 Lachetem
822 1844 876 1870 ex
905 1829 1146 1893 Protagora
1176 1843 1268 1871 esse
1293 1829 1650 1873 consarcinatum.

316 1886 471 1941 Neque
504 1885 615 1927 enim
646 1884 794 1926 eadem
824 1890 890 1926 est
919 1885 1148 1940 utrobique
1167 1884 1258 1927 eius
1288 1882 1487 1939 tractatio
1511 1901 1650 1950 neque

313 1942 427 1984 idem
457 1942 557 1984 finis
573 1941 771 1997 idemque
791 1941 1039 1984 consilinm:
1071 1941 1174 1997 quin
1195 1941 1322 1983 etiam
1340 1957 1385 1984 re
1405 1940 1653 2000 diligentius

314 1998 587 2041 considerata
630 2014 729 2039 vere
760 1997 1020 2040 contendere
1051 1998 1222 2052 licebit,
1250 1997 1295 2039 in
1324 1997 1515 2041 Lachete
1546 2005 1652 2040 tam-

316 2070 443 2109 quam
489 2055 697 2095 elementa
735 2060 778 2095 et
818 2053 953 2108 princi
988 2054 1028 2094 ia
1067 2052 1221 2095 extare
1249 2068 1418 2108 eorum,
1459 2070 1569 2110 quae
1609 2054 1651 2096 in

316 2112 557 2166 Protagora
603 2110 821 2165 copiosius
870 2070 1083 2164 expiicata
1144 2115 1264 2160 sunt3
1313 2110 1435 2152 cuius
1483 2110 1651 2168 generis

318 2166 527 2210 nonnulla
562 2166 645 2208 iani
687 2167 728 2208 iu
774 2166 1064 2221 superioribus
1097 2165 1391 2210 indicavimus.
1454 2167 1652 2223 Denique

317 2224 409 2266 sine
440 2222 571 2265 dubio
602 2222 729 2264 etiam
760 2223 802 2264 in
833 2238 883 2264 eo
915 2229 1102 2264 erratum
1133 2227 1224 2276 est,
1256 2223 1374 2278 quod
1403 2230 1654 2281 argumento

319 2287 363 2323 et
404 2279 583 2322 consilio
623 2279 763 2336 operis
803 2295 889 2321 non
937 2280 1041 2322 satis
1084 2285 1201 2322 recte
1253 2279 1478 2323 aestimato
1526 2281 1653 2323 etiam

319 2336 609 2379 dubitationes
640 2342 683 2378 et
712 2336 1028 2378 controversiae
1068 2345 1208 2378 motae
1236 2342 1339 2379 sunt
1367 2336 1421 2379 de
1440 2336 1654 2395 elegantia

319 2401 362 2437 et
400 2393 596 2435 castitate
636 2391 850 2434 dictionis.
926 2393 1034 2435 Eam
1067 2393 1202 2446 enim,
1241 2393 1471 2436 dummodo
1512 2394 1655 2436 omnia

319 2449 542 2493 momentis
561 2449 650 2491 suis
681 2450 839 2491 fuerint
866 2450 945 2491 rite
973 2449 1224 2506 ponderata,
1252 2450 1380 2493 rebus
1398 2449 1506 2508 ipsis
1524 2449 1653 2507 longe

325 2505 768 2550 convenientissimam
826 2521 966 2561 neque
1021 2507 1074 2548 ab
1135 2506 1380 2549 Atticorum
1428 2512 1653 2549 'venustate

322 2575 500 2619 usquam
538 2563 715 2606 alienam
755 2562 934 2605 iudicari
976 2569 1196 2619 oportere,
1239 2570 1362 2606 tanto
1400 2559 1539 2613 minus
1579 2579 1653 2605 ne·-

322 2620 409 2676 gari
438 2619 619 2676 poterit,
661 2619 776 2674 quod
810 2619 875 2661 vel
905 2635 978 2674 ea,
1021 2635 1131 2674 quae
1171 2619 1402 2676 singularia
1439 2618 1651 2671 videntur,

325 2692 469 2719 omnes
499 2675 668 2721 habent
707 2676 934 2731 probitatis
974 2691 1174 2719 numeros
1213 2692 1351 2732 neque
1389 2691 1415 2718 a
1444 2675 1652 2732 scriptore

322 2733 571 2790 posterioris
608 2733 759 2776 aetatis
798 2733 994 2775 licentius
1038 2733 1225 2791 confingi
1262 2736 1505 2790 potuerunt.
1563 2730 1652 2775 Sed
