1754 2964
320 193 373 235 ‘22
701 189 1183 235 PROLEGOMENA
1211 193 1267 236 ad

322 310 422 347 ante
453 304 596 349 omnia
623 304 679 348 ho
713 305 953 348 lomachiae
983 306 1178 363 exemplo
1210 306 1456 363 edocemur,
1481 313 1665 363 externa·

319 360 588 405 fortitudinis
619 377 663 420 ,a
695 361 922 417 minicula,
972 363 1248 417 quantumvis
1293 370 1344 407 ut
1376 364 1585 414 ‘recem
1619 371 1664 407 et

318 418 484 461 novitia
522 417 748 474 placeant,
788 425 932 462 tamen
977 434 1057 475 per
1095 435 1140 462 se
1182 426 1380 476 spectata
1407 420 1663 477 proffiwyesse

319 473 551 517 admodum
580 474 700 519 dubii
728 482 771 519 et
800 475 911 519 ambi
946 476 1014 530 ui,
1044 483 1094 518 ut
1121 491 1176 519 ne
1207 476 1456 520 bellicarum
1487 476 1667 534 quidem-

317 546 459 574 rerum
497 532 623 589 periti
660 531 775 575 idem
814 532 885 574 de·
907 534 922 574 i
941 533 995 574 lis
1038 538 1244 575 statuant.
1314 533 1491 578 Deinde
1529 533 1666 576 ctiam¹

317 587 425 630 illud
455 589 642 645 graviter
670 589 972 644 admonemur,
1016 589 1135 644 quod
1175 596 1320 632 tamen
1349 597 1536 634 exeunte
1567 590 1662 633 dia,-

315 644 418 702 logo
447 652 602 703 arguta
629 647 1002 703 argumentatione
1031 662 1180 689 rursus
1209 646 1384 690 videtur
1403 646 1664 692 ‘indubium

316 702 485 757 vocari,
526 702 820 746 fortitudinem
857 703 1007 758 utique
1045 718 1139 746 esse
1179 718 1206 745 a
1242 703 1662 757 ceterisfflutibus

316 757 529 802 diversam
569 766 710 815 neque
751 775 848 802 cum
889 760 1091 802 universo
1141 760 1316 805 virtutis
1355 768 1664 819 genumasscon·

315 815 591 859 fundendam.
651 817 720 859 De
761 832 848 872 qua
876 832 923 859 re
953 817 1083 859 etiam
1121 817 1167 858 in
1197 817 1458 874 Protagora
1479 818 1662 875 lan-329.

315 874 359 915 A
401 887 496 927 sqq.
550 874 646 917 348.
687 870 724 916 C
756 889 851 929 sqq.
889 874 934 915 in
971 879 1196 929 utramque
1245 875 1413 931 partem
1443 873 1663 930 disceptas-

314 937 410 983 tur,
448 935 497 970 ut
536 929 819 985 philosophus
860 930 922 972 ibi
958 930 1252 984 quaestionem
1271 931 1335 973 2in
1371 930 1570 979 Lachete
1595 930 1664 973 in-

315 984 514 1027 choatam
554 992 597 1028 et
625 985 778 1028 leviter
811 991 985 1028 »tantum
1013 991 1175 1028 tactam
1215 986 1396 1031 ulterius
1429 1027 1434 1031 .
1514 987 1663 1052 ligare

315 1047 446 1096 atque
473 1043 719 1085 accuratius
745 1041 1015 1098 perpendere
1037 1042 1226 1085 voluisse
1243 1001 1513 1087 iudiemwfd:
1531 1044 1662 1099 sit-⁸).

315 1098 452 1140 Porro
479 1098 639 1141 ibidem
667 1099 796 1141 etiam
827 1114 878 1141 eo
907 1098 1213 1155 perducimur,
1245 1106 1295 1142 ut
1316 1100 1663 1157 'speciem-forti-

313 1154 476 1198 tudinis
506 1161 636 1211 atque
665 1156 860 1210 formam,
894 1170 979 1211 qua
1009 1170 1104 1197 sese
1131 1155 1177 1197 in
1196 1156 1334 1212 ipsius
1353 1156 1660 1202 vitae-actione

314 1218 533 1267 tamquam
577 1211 858 1268 spectandam
904 1212 1127 1266 exhibeat,
1182 1212 1301 1255 nullo
1348 1213 1455 1256 iere¹
1483 1213 1660 1271 negotio

316 1268 529 1324 suspicari
566 1269 698 1312 liceat
733 1269 801 1310 vel
840 1270 886 1312 in
924 1268 1054 1310 animi
1095 1268 1283 1334 quadam
1322 1269 1583 1327 praesentia*
1607 1285 1661 1315 ac

314 1326 635 1380 perseverantia
672 1326 741 1368 vel
783 1326 828 1367 in
856 1340 975 1367 mera
1014 1325 1293 1368 consihorum
1321 1325 1663 1383 prudentia-po·
1721 1369 1725 1375 ,

315 1381 441 1424 sitam
471 1397 579 1436 esse,
612 1397 723 1438 quae
739 1398 828 1424 non
847 1381 977 1424 modo
1007 1382 1051 1424 in
1079 1381 1209 1425 rebus
1233 1383 1658 1438 periculosisflmer-

316 1444 419 1494 gat,
464 1454 613 1482 verum
654 1439 783 1481 etiam
821 1439 965 1481 locum
1003 1438 1176 1493 habeat,
1208 1440 1350 1482 sicubi
1383 1438 1494 1495 cum-
1531 1439 1663 1483 animi

315 1493 541 1538 affectibus
583 1502 627 1539 et
666 1495 977 1552 cupiditatibus
1026 1495 1369 1539 conflictandum
1409 1497 1481 1539 sit.
1525 1523 1528 1526 ι
1559 1495 1661 1551 Quo

315 1551 489 1606 quidem
526 1553 623 1595 loco
655 1552 954 1595 sollertissime
993 1567 1071 1610 per
1101 1551 1351 1597 dialecticae
1379 1551 1660 1610 disceptatio·

314 1607 381 1651 nis
441 1610 811 1665 opportunitatem
859 1625 946 1651 non
999 1609 1138 1652 solum
1196 1609 1373 1652 clarius*
1412 1608 1657 1663 edocemur,

344 1671 538 1707 uantum*
560 1666 684 1708 fortis
727 1666 782 1709 ab
813 1665 968 1709 audaci
998 1681 1049 1708 ac
1079 1667 1306 1708 temerario
1335 1666 1527 1722 itemque
1555 1679 1658 1725 pru-

315 1680 423 1764 dens
462 1736 488 1764 a
523 1722 674 1765 timido
713 1728 756 1765 et
783 1723 942 1779 ignavo
981 1721 1168 1777 differat,
1197 1737 1347 1765 verum
1375 1723 1504 1766 etiam
1527 1723 1665 1769 forti·

313 1778 477 1821 tudinis
507 1779 715 1821 ambitum
755 1779 978 1835 aliquanto
1011 1779 1140 1821 latius
1169 1784 1333 1835 patere,
1365 1794 1505 1835 quam¹
1523 1780 1659 1837 vulgo

314 1834 508 1878 homines
538 1835 789 1891 opinentur,
831 1836 1023 1878 breviter
1050 1834 1226 1890 quidem
1254 1834 1660 1893 sed<eaxgravitate

315 1889 625 1946 admonemur,
666 1898 715 1934 ut
761 1892 882 1934 nulla
926 1898 1077 1934 contra
1131 1891 1241 1934 hanc
1269 1892 1527 1941 sententiam
1557 1907 1662 1935 con·-

314 1948 525 1991 troversia
568 1954 803 1991 moveatur.
877 1948 1092 1991 Nimirum
1130 1948 1394 1991 conveniunt
1418 1963 1534 1998 ‚saner
1552 1948 1661 1992 haec

316 2005 460 2046 omnia
498 2005 670 2060 egregie
709 2020 806 2046 cum
843 2005 921 2058 iis,
962 2020 1073 2059 quae
1113 2003 1316 2047 Socrates
1353 2004 1470 2060 apud
1506 2005 1661 2047 Xeno-

314 2059 519 2116 phontem
545 2061 708 2116 pariter
738 2067 868 2116 atque
901 2060 1016 2116 apud
1044 2061 1188 2116 ipsum
1218 2060 1445 2104 Platonem
1471 2061 1518 2103 in
1547 2061 1659 2106 Pro-

314 2124 469 2171 tagora
506 2116 559 2158 de
599 2116 864 2159 fortitudinis
901 2122 1055 2158 natura
1093 2115 1298 2171 disputat.
1378 2116 1494 2160 Nam
1541 2117 1659 2174 apud

314 2172 746 2228 Xenophontem
785 2172 958 2228 quidem
994 2173 1125 2215 Mem.
1166 2173 1251 2215 IV.
1295 2175 1344 2228 6,
1389 2175 1455 2216 10.
1491 2174 1558 2216 vir
1587 2189 1658 2216 sa-

315 2229 613 2285 pientissimus
665 2245 762 2271 eum
802 2229 972 2271 demum
1019 2229 1158 2272 virum
1203 2230 1360 2272 fortem
1409 2230 1657 2283 habendum

316 2300 411 2328 esse
440 2292 602 2340 censet,
636 2286 711 2341 qui
740 2286 890 2343 gravia
919 2292 962 2328 et
988 2286 1250 2343 periculosa,
1279 2302 1411 2342 quum
1440 2302 1492 2329 ea
1517 2288 1657 2344 probe

316 2343 492 2400 cognita
532 2358 582 2385 ac
619 2348 848 2399 perspecta
876 2343 1059 2397 habeat,
1098 2349 1242 2387 tamen
1268 2359 1356 2386 non
1387 2343 1652 2399 reformidet,

315 2399 423 2442 illud
452 2414 584 2442 unum
615 2405 866 2442 constanter
895 2414 1106 2455 sequens,
1157 2399 1274 2455 quod
1312 2399 1487 2444 utilitati
1523 2406 1655 2456 atque

316 2456 513 2499 felicitati
541 2456 721 2499 maxime
751 2468 1086 2499 consentaneum
1110 2455 1320 2503 videatur.
1388 2455 1523 2515 Apud
1551 2457 1659 2500 Pla-

385 2657 423 2702 0)
455 2654 595 2692 Fallitur
624 2659 713 2693 enim
740 2658 949 2693 Munkius
973 2659 1004 2692 ἰιι
1030 2660 1137 2693 libro:
1191 2661 1251 2693 Die
1276 2657 1462 2694 natm-licha
1487 2658 1650 2702 Ordnung

455 2705 517 2738 de·-
543 2705 681 2739 Plnton.
714 2704 849 2740 Schrift.
883 2717 914 2748 p.
946 2705 989 2741 81
1022 2716 1095 2748 sqq.
1129 2707 1187 2748 qui
1221 2707 1445 2748 Protagoram
1472 2703 1649 2738 contendit

455 2755 533 2784 ante
557 2749 743 2786 Lachetem
772 2756 806 2784 et
830 2751 1046 2785 Charmidem
1075 2753 1236 2796 scriptum
1264 2761 1372 2787 ιεεειε.Ἰ
