1742 2970
299 202 377 244 174
787 201 874 243 PL
889 194 1166 244 ATONIS

299 338 374 363 ⁴avoca,
420 321 491 362 καὶ
537 317 565 362 ἄ
620 334 684 368 τις
732 316 791 373 μὴ
827 318 943 361 οἶδεν
978 319 1149 362 εἰδέναι.

289 383 409 438 ἲΩδιε,
448 379 501 439 ἦν
537 384 575 429 ‹5'
620 383 716 439 ἐγώ.
763 383 976 440 ἐπιστήμη
1021 401 1110 428 που
1143 383 1385 447 ἐπιστήμης
1419 377 1532 428 οὖσα
1565 378 1655 440 ἆρα

303 452 455 497 πλεῖόν
485 470 526 496 τι
563 457 641 495 οἵα
678 452 715 494 τ’
773 456 890 495 ἔσται
935 454 1119 509 διαιρεῖν
1161 448 1189 504 ἢ
1227 448 1297 495 ὅτι
1343 449 1656 497 τούτων’τόὸε

303 523 383 575 μὲν
432 520 667 576 ἐπιστήμη,
717 517 817 563 τόδε
865 515 902 561 δ’
959 517 1038 562 οὐκ
1073 515 1322 573 ἐπιστήμη;
1395 514 1509 570 Οὔκ,
1541 515 1655 561 ἀλλὰ

307 589 539 631 τοσοῦτον.
614 584 791 630 Ταύτὸν
841 579 922 629 οὖν
957 590 1074 629 ἐστιν
1110 583 1323 639 ἐπιστήμη
1360 602 1405 628 τε
1440 586 1515 628 καὶ
1548 582 1659 628 ἀνε-

304 651 611 709 πιστημοσύνη
646 651 853 708 ὑγιεινοῦ,
886 655 960 696 καὶ
989 650 1204 708 ἐπιστήμη
1224 668 1286 695 ,τε
1321 654 1394 695 καὶ
1425 649 1660 704 ἀνεπιστη-

302 722 477 776 μοσύνη
526 723 725 774 δικαίους
797 719 1024 774 Οὐδαμῶς.
1099 716 1232 761 Ἀλλὰ
1275 717 1471 773 τὸ-μέν,
1523 716 1659 775 οἶμαι,

293 787 506 844 tamam,
551 785 611 830 τὸ-
639 789 683 830 δὲ
722 786 952 838 πολιτική·
1001 783 1052 829 τὸ
1091 788 1134 828 δὲ
1172 783 1301 830 οὐδὲν
1343 782 1454 830 ἄλλο
1503 783 1531 848 ἢ
1566 791 1659 829 ἐπι-

304 853 463 910 στήμη.
514 856 623 904 Πῶς
657 851 743 910 γὰρ
783 851 863 906 οὕς
905 852 1080 895 Οὐκοῦν
1115 849 1193 896 ἐὰν
1225 850 1285 908 μὴ
1320 854 1663 909 προςεπίστηταί

238 915 241 917 ’
306 938 371 971 τις
408 919 458 963 τὸ
490 918 682 975 ὑγιεινὸν
723 922 795 963 καὶ
830 917 880 962 τὸ
919 921 1109 970 δίκαιον,
1153 917 1252 962 ἀλλ’
1304 916 1548 976 ἐπιστήμην
1581 917 1663 976 μό-

305 1004 385 1031 νον
401 984 628 1047 γιγνώσκῃ,
652 983 730 1030 ἅτε
753 983 914 1030 τούτου
939 984 1078 1040 μόνον
1093 988 1200 1041 ἔχων
1224 983 1483 1042 ἐπιστήμην,
1500 984 1571 1031 ὅτι
1584 991 1665 1043 μέν

306 1071 349 1098 τι
372 1057 604 1097 ἐπίσταται
626 1057 699 1098 καὶ
722 1051 789 1098 ὅτι
816 1051 1056 1107 ἐπιστήμην
1082 1049 1182 1095 τινοὲ
1212 1056 1304 1108 ἔχει,
1324 1051 1499 1104 εἰκότως
1515 1050 1574 1096 ἂν
1597 1070 1663 1108 γι-

310 1121 495 1177 γνώσκοι
531 1122 603 1163 καὶ
640 1123 738 1177 περὶ
762 1118 903 1164 αὑτοῦ
940 1121 1012 1162 καὶ
1048 1121 1146 1174 περὶ
1180 1121 1268 1163 τῶν
1299 1116 1457 1165 ἄλλων.
1486 1113 1522 1172 -ἧ
1553 1118 1664 1177 γάρς

308 1190 420 1231 Ναί.
446 1185 496 1231 Ὅ
519 1204 562 1230 τι
584 1189 628 1230 δὲ
649 1186 887 1243 γιγνώσκει,
899 1185 1038 1246 ταύτῃ
1061 1187 1112 1246 τῇ
1132 1186 1346 1246 ἐπιστήμῃ
1367 1187 1460 1237 πῶς
1481 1186 1664 1240 εἴσεταις

311 1253 537 1311 γιγνώσκει
560 1251 645 1311 γὰρ
676 1252 728 1307 δὴ
765 1251 815 1297 τὸ
851 1255 931 1308 μὲν
949 1250 1141 1307 ὑγιεινὸν
1176 1255 1228 1313 τῇ
1263 1255 1449 1314 ἰατρικῇ,
1481 1251 1581 1297 ἀλλ’
1609 1254 1661 1297 οὐ

309 1321 586 1381 σωφροσύνῃ,
619 1320 668 1365 τὸ
710 1320 746 1364 δ’
791 1318 1035 1376 ἁρμονικὸν
1055 1322 1254 1380 μουσικῇ,
1279 1317 1380 1362 ἀλλ’
1410 1317 1463 1363 οὐ
1486 1335 1663 1380 σωφρο-

312 1387 434 1450 σύνῃ,
455 1385 505 1432 τὸ
533 1387 565 1431 δ’
597 1386 879 1444 οἰκοδομικὸν
903 1388 1169 1447 οἰκοδομικῇ,
1193 1384 1283 1429 ἀλλ’
1314 1385 1366 1430 οὐ
1387 1386 1663 1449 σωφροσύνῃ,

1219 318 1329 368 Πῶς
1361 321 1517 372 λέγεις,
1547 320 1656 375 ἔφης

408 1518 448 1551 Ρ.
476 1518 551 1552 170.
601 1519 722 1550 ἔσται
750 1515 955 1559 διαιρειν]
983 1514 1129 1557 διευρεῖν
1156 1515 1258 1549 Bodl.
1290 1517 1363 1550 iat.
1387 1518 1463 1552 Par.
1490 1518 1533 1552 G.

408 1559 566 1596 ταύτόν
592 1563 688 1596 ἐστι
714 1564 843 1596 τοῦτο
868 1561 1040 1617 ἐκείνῳ]
1077 1562 1179 1594 τοῦτο
1204 1562 1371 1595 Cornario
1395 1563 1554 1598 debetur.
1601 1565 1663 1598 Li-

314 1611 364 1644 bri
392 1610 516 1643 liabent
540 1605 666 1643 ταύτόν
690 1607 759 1643 ἐστι
781 1606 818 1641 τὸ
844 1604 928 1640 αὐτὸ
956 1606 1085 1650 ἐκείνῳ

406 1653 502 1688 τόδε
540 1652 576 1687 δ’
611 1652 692 1688 οὐκ
736 1651 981 1697 ἐπιστήμη;]
1026 1653 1085 1685 Sic
1128 1653 1233 1685 Coisl.
1274 1653 1360 1687 Ven.
1396 1650 1438 1686 Σ.
1471 1654 1549 1688 Par.
1576 1655 1662 1690 Bc.

317 1702 417 1734 Barb.
447 1701 541 1735 Flor.
567 1713 597 1734 a.
624 1703 657 1736 b.
684 1713 712 1736 c.
738 1712 771 1734 ο.
803 1706 838 1733 et
870 1709 958 1733 corr.
991 1699 1069 1732 Par
1103 1697 1141 1730 F.
1193 1699 1309 1742 Vulgo
1347 1700 1525 1742 legebatur
1557 1695 1595 1734 τὸ
1630 1698 1663 1733 δ’

313 1814 355 1846 ad
394 1812 432 1845 τὸ
474 1809 559 1846 αὐτὸ
605 1816 711 1856 liquet
734 1814 871 1869 requiri
909 1812 956 1857 τῷ

1024 1822 1103 1845 esse
1129 1816 1163 1844 et
1178 1822 1239 1854 per
1257 1812 1565 1854 argumentationis
1581 1822 1662 1855 pro-

314 1856 439 1891 εἰδέναι
465 1857 517 1891 ὅτι
543 1855 616 1893 οιδε
640 1861 694 1892 καὶ
721 1855 772 1892 ὅτι
786 1858 832 1902 μὴ
849 1847 954 1893 οἶδεν.

1023 1867 1182 1900 gressum
1215 1857 1351 1891 demum
1376 1858 1523 1899 aliquam
1550 1860 1662 1892 lucem

313 1906 520 1947 Quanquam
571 1916 653 1939 vero
701 1906 866 1938 audacior
903 1909 957 1938 eat

316 1950 715 1984 Schleiermacheri
757 1952 956 1984 coniectura

317 1998 429 2030 locum
456 1997 502 2030 ita
515 1997 769 2053 retingendum
787 1998 955 2053 putantis·

315 2039 364 2075 ωε·
389 2043 460 2075 ἔστι
488 2039 526 2075 τὸ
564 2039 649 2075 αυτὸ
675 2044 722 2086 τῷ
748 2039 799 2075 ὅτι
823 2051 872 2074 τις
907 2038 957 2074 οἶ-

317 2087 375 2120 δεν
406 2087 531 2120 εἰδέναι
564 2087 602 2120 τὸ
636 2086 658 2120 ἃ
691 2076 784 2120 οἶδεν
809 2100 839 2120 κ
866 2100 892 2120 τ.
918 2089 955 2126 2„

315 2137 432 2166 tamen
464 2135 495 2165 in
533 2145 606 2166 eam
643 2135 784 2166 inclinat
821 2136 956 2166 animus

317 2179 544 2218 sententiam,
577 2184 615 2212 ut
639 2181 728 2212 illam
758 2180 956 2220 longissime

317 2224 593 2278 anteponendam
624 2235 827 2258 censeamus
849 2225 957 2257 ratio-

317 2270 362 2325 ni,
402 2269 682 2311 Heindorfii‚
734 2271 790 2312 qui
836 2269 879 2303 ad
919 2266 957 2302 τὸ

318 2310 402 2348 avr&
437 2326 455 2348 e
486 2316 724 2358 superioribus
754 2313 872 2359 ἐκείνῳ
907 2316 959 2349 in-

318 2361 542 2403 telligendum
562 2366 695 2403 censet,
711 2367 819 2395 totum
845 2363 958 2395 locum

320 2407 397 2450 ipso
421 2409 726 2449 argumentationis
742 2412 864 2441 tenore
889 2409 960 2441 cla-

320 2462 398 2485 rum
431 2456 466 2485 et
498 2453 716 2495 perspicuum
746 2454 817 2487 fieri
853 2458 960 2487 ratus.

321 2497 486 2531 Nimirum
513 2499 562 2531 sic
581 2499 717 2540 quidem
733 2509 829 2533 reum
855 2498 960 2533 liabe-

320 2553 397 2577 mua
419 2584 421 2586 Ι
443 2545 673 2577 confitentem.
734 2544 831 2579 Quid
870 2546 958 2578 enim

323 2589 442 2622 maiori
480 2594 598 2632 potest
633 2601 710 2623 esse
749 2591 958 2624 documento

319 2638 432 2668 totum
467 2635 553 2668 hunc
592 2636 707 2669 locum
747 2637 957 2669 intolerabili

320 2681 478 2714 laborare
497 2682 719 2724 obscuritate,
746 2692 844 2724 quam
862 2681 957 2724 quod

319 2727 376 2768 qui
402 2737 480 2760 eum
506 2726 682 2769 defendit,
713 2729 804 2761 ultro
831 2738 957 2760 conce-

321 2771 370 2804 dit
407 2772 478 2816 ipsa
518 2783 580 2816 per
620 2784 659 2808 se
695 2774 800 2808 verba
839 2774 956 2806 mutila

1024 1903 1208 1946 accipere?
1253 1903 1326 1936 Sed
1356 1903 1456 1946 quod
1479 1909 1594 1946 caput·
1614 1907 1662 1938 rei

1025 1954 1097 1990 est,
1137 1949 1220 1982 illud
1252 1950 1362 1992 ipsum
1396 1946 1530 1994 ἐκεινῳ,
1571 1951 1663 1993 quod

1025 1994 1252 2029 Heindorf.
1295 1995 1553 2036 intelligendum
1584 1998 1664 2031 ‘ease

1025 2041 1176 2078 censuit,
1209 2042 1242 2073 in
1268 2040 1559 2083 praecedentibus
1583 2042 1664 2075 nihil

1025 2087 1144 2127 habet,
1174 2095 1339 2128 quorsum
1365 2086 1550 2121 commode
1573 2088 1664 2121 refe-

1026 2135 1131 2165 ratur.
1187 2131 1274 2164 Nam
1309 2135 1347 2164 nt
1377 2131 1421 2165 ad
1459 2129 1497 2166 τὸ
1539 2130 1664 2166 ἑαυτὸν

1026 2172 1226 2220 γιγνώσκειν
1257 2181 1411 2219 spectet,
1436 2181 1558 2212 tamen
1577 2179 1665 2212 hane

1026 2223 1210 2261 formulam
1241 2223 1431 2265 significare
1471 2219 1510 2257 τὸ
1541 2223 1666 2258 εἰδέναι

1028 2265 1100 2301 τινὰ
1135 2265 1187 2301 ὅτι
1218 2250 1310 2301 οἶδεν
1353 2268 1406 2302 hic
1443 2274 1538 2304 certe
1577 2270 1665 2304 iudi-

1027 2315 1173 2348 candum
1210 2314 1292 2356 fuit,
1331 2325 1375 2348 ne
1412 2326 1532 2358 parum
1570 2323 1664 2350 recte

1028 2360 1234 2404 procederet
1257 2362 1519 2403 argumentatio,

1079 2444 1249 2485 Ταῦτὸν
1287 2445 1367 2485 οὖν
1416 2448 1537 2486 ἐστὶν
1578 2452 1662 2486 ἐπι-

1027 2495 1160 2540 στήμη
1185 2498 1253 2540 -’]
1284 2497 1376 2533 Num
1408 2499 1522 2540 igitur,
1543 2498 1663 2542 inquit,

1027 2554 1090 2576 eae
1122 2548 1234 2585 artes,
1278 2554 1365 2585 quae
1395 2544 1458 2577 sibi
1490 2545 1662 2579 valetudi-

1027 2599 1104 2622 nem
1131 2589 1288 2632 corporis
1317 2592 1371 2624 vel
1397 2590 1558 2624 iustitiam
1584 2595 1662 2623 tan-

1026 2645 1126 2677 quam
1166 2636 1344 2670 materiam
1385 2636 1574 2670 subiectam
1604 2636 1663 2670 ha-

1026 2681 1125 2723 bent,
1157 2682 1298 2716 eaedem
1325 2686 1404 2715 sunt
1434 2686 1537 2724 atque
1564 2681 1661 2724 haec,

1025 2728 1078 2760 cui
1117 2728 1194 2761 nihil
1237 2727 1298 2760 nisi
1329 2727 1401 2770 ipsa
1434 2728 1579 2762 scientia
1609 2733 1664 2761 est

1025 2773 1248 2808 subiectum?
1295 2773 1398 2808 Quod
1435 2777 1660 2817 posteaquam
