1742 2970
455 473 1016 531 corrigenda.

149 689 348 732 ·'1'extus,
384 700 488 733 quem
526 695 669 731 vocant,
705 690 882 725 Graecus,
927 692 1091 730 quantum
1126 685 1237 720 adhuc
1271 684 1424 718 iudicare

71 737 186 776 licuit,
215 737 493 770 emendatissime
525 740 581 771 est
612 747 809 780 expressus.
857 734 1026 768 Tollenda
1058 738 1169 766 tamen
1202 732 1270 766 duo
1297 732 1423 764 leviora

70 781 216 816 menda:
265 783 300 816 ln
332 782 528 817 Lachete
558 794 593 827 p.
624 783 683 820 80.
719 793 806 816 vers.
843 781 894 816 16.
921 791 963 812 =
994 778 1065 814 ¹94<
1093 780 1134 812 D.
1167 782 1248 821 post
1279 779 1338 809 nul
1363 789 1426 821 μοι

71 828 166 862 δοκεῖ
187 828 370 863 delendum
403 832 459 863 est
488 834 709 873 punctum.
733 848 779 854 —
827 828 863 861 ln
896 825 1069 860 Charmid.
1107 837 1138 869 p.
1169 825 1242 860 153.
1277 834 1366 857 vers.
1390 827 1424 858 4.

71 876 139 918 leg.
170 873 430 919 ἀπεργάζεσθαι
462 886 524 919 pro
555 875 826 921 ἀπεγρᾰζεσθαι.
851 892 895 898 --
950 873 999 905 In
1034 875 1226 905 annotat.
1257 872 1340 904 item
1376 872 1425 903 le-

30 955 33 962 x
71 922 166 956 viora
190 925 318 956 tantem
346 922 560 957 emendanda
588 926 721 956 restant
759 920 869 963 qualia
894 918 977 952 haec
1001 924 1089 953 sunt.
1116 930 1148 962 p.
1174 918 1232 952 57.
1257 927 1332 950 ann.
1359 917 1425 950 col.

70 968 106 1004 2.
129 977 219 1002 vers.
246 968 268 1001 1.
302 969 379 1011 lege
409 972 562 1002 censet
594 978 657 1011 pro
688 970 850 1000 senset.
877 984 920 988 —
970 965 1010 1000 P.
1036 965 1090 1000 66.
1126 966 1192 998 col.
1217 964 1246 996 Ι.
1278 973 1368 996 vers.
1393 963 1426 997 5.

71 1015 114 1048 ab
144 1012 204 1047 inf.
236 1014 326 1047 inter
355 1013 416 1056 ζῆν
447 1018 484 1047 et
515 1013 811 1058 praecedenti
843 1012 1020 1053 interpone
1046 1022 1096 1044 ex
1122 1010 1426 1054 praepositionem,

6 1101 9 1107 ι
73 1070 161 1104 quae
194 1060 311 1094 nescio
341 1071 409 1103 quo
442 1070 523 1093 casu
557 1061 694 1095 excidit.
721 1079 762 1086 -
815 1059 898 1101 Png.
931 1056 1002 1092 112.
1034 1058 1195 1100 Prolegg.
1220 1056 1263 1088 ad
1289 1055 1427 1088 Charm.

73 1119 105 1150 p.
141 1107 217 1142 112.
247 1116 336 1140 vers.
371 1107 424 1143 15.
455 1107 498 1139 ab
532 1105 590 1140 inf.
622 1108 698 1150 lege
729 1116 839 1140 suas
870 1104 952 1136 sibi
978 1114 1039 1147 pro
1065 1114 1136 1136 sua
1163 1104 1266 1136 sibi.
1295 1119 1341 1126 —
1390 1102 1426 1134 Ρ.

77 1153 152 1188 118.
178 1162 266 1187 vers.
291 1152 324 1187 4.
349 1153 393 1186 ab
417 1152 477 1188 inf.
503 1153 581 1196 lege
605 1163 627 1187 o
653 1154 760 1187 bone
785 1163 848 1195 pro
873 1162 892 1184 a
918 1151 999 1183 bon
1011 1161 1039 1183 e.
1406 1184 1411 1187 ,

163 1198 235 1232 Sed
267 1197 351 1233 haec
379 1200 516 1241 aliaque
548 1199 666 1233 similia
700 1209 807 1242 quum
842 1207 951 1240 prope
982 1196 1116 1238 indigna
1149 1195 1215 1228 sint
1241 1194 1427 1235 mentione,

73 1244 352 1290 quandoquidem
383 1245 483 1278 facile
514 1245 556 1277 ab
591 1247 798 1288 unoquoque
827 1243 880 1276 vel
906 1243 977 1275 sine
1002 1242 1241 1275 admonitione
1265 1240 1428 1273 emenda-

74 1293 225 1333 buntur,
251 1295 322 1325 tum
345 1301 451 1324 unum
478 1290 670 1325 Charmidis
697 1293 808 1325 locum
835 1288 888 1322 liic
913 1288 1081 1332 attingere
1113 1298 1182 1321 uon
1205 1287 1324 1320 inutile
1349 1287 1427 1326 erit,

74 1339 171 1373 euius
207 1342 359 1371 veterem
394 1338 712 1381 interpretationem
738 1335 974 1380 imprudentes
1004 1335 1222 1377 reliquimus,
1256 1334 1338 1366 licet
1366 1343 1429 1365 nos

75 1394 164 1418 nunc
202 1383 303 1418 aliter
338 1383 383 1417 de
423 1394 466 1418 eo
505 1384 633 1418 sentire
666 1395 708 1418 ex
745 1383 818 1417 iibri
845 1382 1101 1425 prolegomenis
1134 1379 1273 1420 intelligi
1307 1380 1428 1422 possit.

74 1430 140 1465 Est
164 1430 193 1464 is
217 1441 249 1474 p.
279 1430 354 1464 ¹70.
382 1433 421 1465 A.
446 1428 500 1463 ed.
527 1429 649 1474 Steph.
674 1441 718 1463 z:
743 1441 777 1474 p.
806 1427 882 1464 173.
909 1431 996 1461 extr.
1026 1427 1080 1461 ed.
1105 1431 1212 1460 nostr.
1243 1426 1300 1459 ubi
1325 1426 1429 1458 verba

73 1476 118 1514 ὥς
143 1477 213 1510 ἔστι
237 1475 277 1509 τὰ
305 1475 393 1510 αὐτὸ
419 1473 443 1508 ἃ
470 1475 561 1509 οἶδεν
584 1477 707 1511 εἰδέναι
731 1489 759 1509 κ.
785 1489 815 1511 τ.
841 1475 870 1510 λ.
896 1475 1015 1507 iniuria
1043 1474 1263 1508 tentavimus.
1313 1471 1430 1505 Locus

20 1527 29 1546 ²-
74 1525 164 1558 enim
189 1523 238 1557 sic
259 1522 536 1566 interpretandus
561 1526 634 1558 est:
682 1522 785 1557 Nam
819 1522 898 1555 iam
930 1531 1080 1554 rursus
1112 1530 1192 1554 non
1217 1519 1429 1561 intelligo

73 1569 186 1604 idem
212 1579 308 1603 esse
331 1569 511 1602 novisse
536 1572 578 1602 et
602 1579 684 1602 non
710 1569 887 1603 novisse
912 1568 1104 1610 aliquem
1130 1574 1237 1609 quae
1261 1570 1337 1598 nut
1361 1575 1429 1598 no-

75 1616 190 1650 verit
213 1620 285 1649 ant
308 1625 389 1649 non
414 1615 603 1656 noverit,
629 1616 658 1650 h.
677 1627 707 1650 e.
732 1626 846 1650 rerum
875 1614 1054 1647 scientiam
1080 1617 1115 1647 et
1139 1612 1329 1645 incientiam
1357 1621 1428 1644 rem

75 1671 155 1696 esne
173 1663 273 1705 plane
297 1661 452 1697 eundem.
481 1661 621 1705 Quippe
641 1663 810 1696 incautius
823 1672 909 1695 sane
924 1659 1048 1694 Critias
1063 1663 1233 1693 statuerat
1248 1659 1298 1691 sui
1312 1659 1430 1700 cogni-

75 1708 203 1742 tionem
224 1718 298 1742 eam
325 1709 392 1742 vim
417 1707 554 1748 habere,
580 1709 690 1751 utqui
706 1720 782 1742 eam
799 1712 947 1748 teneret,
964 1708 993 1740 is
1010 1708 1111 1740 etiam
1138 1706 1242 1739 sciret
1259 1703 1332 1737 ὅτε
1357 1703 1431 1736 οἶδε

15 1802 18 1803 ⁷
76 1754 134 1787 καὶ
156 1752 179 1787 δι’
202 1753 249 1797 μὴ
276 1753 388 1796 οἶδεν,
414 1754 548 1788 scilicet
570 1765 683 1788 rerum
710 1755 853 1789 scientia
877 1754 1109 1795 imprudenter
1133 1755 1329 1795 permutata
1353 1760 1428 1783 cum

77 1800 207 1845 proprii
230 1804 342 1834 status
367 1810 468 1834 seusu
500 1805 536 1834 et
559 1802 779 1835 conscientia.
833 1802 952 1843 Atque
983 1800 1059 1833 hinc
1090 1799 1155 1832 iam
1191 1798 1301 1831 lucem
1334 1807 1428 1829 suam

26 1879 27 1882 ,
78 1847 251 1890 accipiunt
283 1847 385 1880 etium
419 1849 684 1889 consequentia:
715 1845 848 1880 ταύτὸν
878 1841 941 1881 οὖν
967 1847 1061 1879 ἐστιν
1090 1841 1262 1885 ἐπιστήμη
1286 1856 1314 1878 κ.
1343 1855 1373 1875 τ.
1401 1843 1429 1875 λ.

81 1896 348 1936 Argumentatur
372 1893 460 1926 enim
486 1892 653 1926 Socrates
679 1894 765 1927 liunc
795 1893 827 1925 in
853 1892 1014 1926 modum:
1062 1890 1258 1924 Scientia
1291 1891 1429 1922 scien-

79 1939 196 1980 tine,
221 1938 350 1982 inquit,
376 1948 459 1972 non
484 1939 611 1973 aliam
638 1938 802 1973 sciendi
830 1920 1057 1982 mater-i*
1085 1937 1167 1971 sibi
1193 1936 1430 1969 subiectam

80 1985 213 2019 nubet
242 1985 328 2019 nisi
359 1985 498 2028 ipsam
536 1985 783 2020 scientiam.
840 1986 919 2018 Est
958 1989 1099 2018 autem
1141 1991 1431 2025 unaquaeque

29 2074 31 2078 Α
82 2031 469 2075 prodiversltate
508 2041 646 2065 rerum
691 2033 777 2066 sibi
809 2032 1114 2065 subiectarum
1160 2029 1211 2062 ab
1251 2029 1335 2062 alia
1371 2028 1429 2061 di-

78 2087 215 2114 versa.
263 2078 351 2112 Iam
377 2078 414 2112 si
440 2078 629 2112 scientia
653 2078 892 2120 scientiae,
917 2084 960 2112 ut
985 2083 1030 2111 tu
1056 2080 1204 2121 putas,
1230 2079 1272 2108 et
1295 2076 1430 2108 scien-

79 2125 180 2158 tiam
213 2129 256 2158 et
285 2125 572 2159 inscientiam
604 2130 823 2168 tamquam
849 2125 1083 2160 materiam
1109 2122 1300 2166 (obiectum
1325 2122 1430 2163 vulgo

32 2198 34 2210 2
81 2175 220 2205 vocantu
254 2170 495 2205 subiectum
529 2170 613 2205 sibi
647 2172 796 2212 habet,
832 2171 934 2205 nihil
968 2170 1086 2205 uliud
1118 2173 1235 2202 certe
1270 2168 1430 2211 poterit

82 2227 183 2251 esse
213 2217 298 2252 uisi
331 2227 447 2252 meru
481 2218 691 2260 scientia,
728 2229 812 2261 qua
850 2228 929 2252 non
962 2229 1032 2251 res
1062 2219 1182 2259 ipsae
1212 2214 1429 2254 sciuntur,

83 2264 162 2297 sed
198 2263 307 2298 illud
343 2273 490 2306 unum,
521 2264 622 2297 sciri
649 2266 722 2298 'vel
754 2265 924 2298 nesciri.
983 2265 1068 2298 Iam
1101 2273 1203 2296 vero
1233 2262 1268 2293 si
1305 2265 1430 2295 caret

36 2355 37 2358 Ἴ
81 2320 221 2344 rerum
246 2310 455 2351 scientia,
480 2311 650 2344 omnino
677 2315 744 2344 est
768 2311 911 2344 inanis
937 2315 1066 2355 atque
1092 2308 1281 2344 inutilis.
