1742 2970
313 203 394 243 208
705 191 1187 235 PROLEGOMENA
1217 193 1272 235 ad

315 312 450 355 veluti
488 324 567 367 pro
609 306 867 364 quibusdam
907 306 1042 349 initiis
1090 307 1181 348 eius
1231 312 1364 360 atque
1410 303 1667 346 rudimentis

316 367 518 411 habenda
556 365 798 408 videantur.
860 362 1079 417 Quocirca
1120 364 1165 404 in
1195 362 1336 419 priore
1366 359 1542 417 quidem
1568 358 1668 402 libri

318 431 442 481 parte
472 423 578 466 nihil
601 421 828 478 reperitur,
862 419 981 475 quod
999 426 1205 475 tanquam
1230 418 1373 460 minus
1391 416 1670 460 ,Platonicum

318 488 469 524 notare
511 486 552 522 et
589 477 904 534 reprehendere
940 477 1080 518 liceat.
1149 474 1273 517 Idem
1311 489 1416 517 vero
1455 473 1587 515 etiam
1615 471 1670 521 de

320 537 560 595 posteriore
598 534 892 577 iudicandum
919 538 1006 587 est,
1035 547 1188 588 ,quum
1229 531 1466 588 disputatio
1505 528 1581 572 illa
1617 527 1672 570 de

321 594 450 637 animi
488 600 531 635 et
569 591 748 633 rationis
799 589 1065 647 praestantia
1112 588 1252 644 deque
1308 588 1377 630 sui
1424 602 1476 630 co
1509 585 1673 629 nifione

322 652 487 708 agitata
517 648 626 691 nihil
657 647 890 698 contineat,
922 645 1041 701 quod
1070 661 1158 688 non
1219 644 1326 688 ossit
1355 659 1455 687 cum
1515 641 1675 685 latonia

321 707 521 750 doctrina
550 704 751 747 facillime
781 703 1015 746 conciliari.
1076 661 1215 755 QuodJ
1239 701 1352 744 enim
1383 700 1567 743 docetur
1595 697 1676 740 hu-

323 764 573 807 manitatem
590 794 601 815 ,
643 775 753 815 quae
802 759 975 816 proprie
1011 758 1202 812 dicatur,
1242 758 1288 801 in
1325 772 1414 800 una
1449 761 1595 799 mente
1634 761 1678 796 et

323 821 490 863 ratione
528 819 698 870 inesse,
739 831 851 871 quae
882 816 1070 858 divinam
1100 815 1261 858 habeat
1289 813 1526 871 originem,
1556 810 1677 854 ideo-

325 891 409 931 que
440 891 538 918 cum
569 874 697 915 rebus
728 872 887 914 divinis
917 872 1144 914 maximam
1171 871 1476 928 cognationem
1505 869 1678 921 referat,

324 933 408 974 fuit
448 931 532 972 hoc
575 929 783 986 placitum
814 927 990 970 Platoni
1020 943 1118 969 cum
1149 926 1330 970 Socrate
1359 921 1602 979 commune,
1630 930 1680 966 ut

327 993 533 1045 apparete
564 985 816 1042 Xenoph.
856 985 990 1027 Mem.
1028 983 1066 1038 Ι,
1106 985 1156 1037 4,
1189 985 1225 1025 8.
1267 981 1446 1027 Cicer,
1474 981 1547 1025 De
1575 981 1679 1024 Nat.

326 1046 462 1088 Deor.
492 1043 556 1097 II,
589 1044 628 1084 6.
660 1042 747 1096 ΙΙΙ,
782 1043 845 1086 11.
894 1039 1115 1084 Phaedon.
1145 1056 1188 1096 p.
1219 1041 1287 1083 80.
1312 1044 1373 1095 μΑ.
1405 1052 1592 1104 sqq-sp.
1612 1037 1681 1079 94.

328 1102 381 1144 Β.
423 1115 520 1156 sqq.
590 1098 759 1141 Phileb.
799 1115 842 1154 p.
881 1099 946 1139 16.
990 1095 1040 1139 C.
1113 1097 1254 1154 Legg.
1311 1096 1368 1138 V.
1397 1095 1456 1138 in.
1504 1094 1682 1137 Tmaeo

328 1158 507 1214 passim.
567 1156 640 1198 Ab
681 1155 764 1197 hac
804 1154 937 1211 igitur
976 1153 1197 1210 profectus
1236 1152 1463 1195 sententia.
1489 1149 1683 1207 philoso-

328 1215 442 1271 phus
487 1213 615 1255 etiam
645 1211 712 1253 sui
743 1211 1036 1268 cognitionem
1065 1209 1263 1252 definivit
1288 1210 1366 1262 ita,
1395 1220 1447 1250 ut
1473 1222 1567 1254 eam
1595 1221 1685 1249 ma-

329 1271 445 1312 xime
476 1268 534 1310 ad
558 1267 740 1310 rationis
770 1282 821 1309 ac
851 1266 1092 1309 divinitatis
1114 1266 1426 1308 conscientiam
1445 1268 1684 1316 revocaret,

329 1326 445 1370 unde
485 1324 779 1367 effloresceret
809 1322 833 1375 ἡ
867 1321 1158 1381 σωφροσύνη,
1199 1322 1253 1364 de
1284 1337 1371 1377 qua
1398 1321 1519 1378 legas
1549 1318 1686 1372 Char-

330 1382 432 1426 mid.
479 1398 522 1439 p.
566 1382 660 1424 164.
694 1380 753 1422 D.
785 1394 881 1435 sqq.
922 1386 965 1422 et
1003 1384 1152 1422 nostra
1181 1378 1237 1421 ad
1265 1394 1363 1421 eum
1391 1377 1548 1420 librum
1577 1376 1687 1418 Pro-

330 1441 574 1497 legomena.
642 1436 903 1492 Quanquam
933 1436 1068 1493 igitur
1104 1436 1212 1478 haec
1241 1433 1546 1492 disputationis
1583 1446 1687 1488 pars

332 1503 400 1539 est
443 1495 590 1552 paullo
621 1494 871 1548 obscurior,
913 1508 1026 1548 quae
1054 1498 1199 1535 tamen
1230 1491 1477 1534 obscuritas
1505 1489 1689 1532 maxime

334 1552 495 1608 ineptis
532 1550 805 1608 glossematis
844 1555 946 1592 nata
977 1555 1062 1600 est3
1100 1555 1245 1591 tamen
1277 1563 1336 1590 -ea
1362 1546 1472 1589 nihil
1499 1544 1689 1601 comple·

337 1610 484 1662 ctitur‚
518 1606 636 1662 quod
665 1607 863 1649 Platonis
893 1605 1052 1648 rationi
1080 1606 1152 1648 vel
1181 1605 1404 1648 doctrinae
1425 1602 1689 1654 adversetur.

335 1666 452 1708 Nam
501 1662 863 1718 quemadmodum
914 1663 960 1704 in
1010 1661 1256 1718 Republica
1301 1667 1345 1703 et
1389 1659 1588 1717 Legibus
1622 1673 1690 1702 ,ex

338 1738 413 1775 eo,
459 1719 577 1776 quod
618 1719 782 1761 animus
830 1719 888 1762 sit
924 1734 1025 1775 pars
1071 1717 1258 1761 hominis
1303 1714 1690 1773 praestantissima,

323 1778 560 1834 ⁴colligitur
590 1788 687 1818 eum
716 1776 900 1818 maxime
933 1776 1075 1818 curari
1105 1780 1149 1816 et
1178 1772 1339 1816 erudiri
1359 1778 1600 1831 oportere„
1628 1770 1692 1822 ita

337 1835 383 1876 in
426 1831 656 1876 Alcibiade
697 1833 889 1888 cognitio
928 1832 996 1875 sui
1034 1833 1081 1874 in
1119 1831 1250 1873 animi
1279 1837 1324 1872 et
1351 1843 1495 1871 rerum
1523 1827 1692 1870 divina-

339 1906 435 1934 rum
473 1889 628 1931 notitia
657 1889 800 1932 inesse
831 1888 1027 1942 docetur,
1066 1893 1299 1944 propterea
1336 1883 1455 1942 quod
1507 1884 1694 1927 animum

341 1962 511 1990 omnem
549 1945 863 1988 humanitatem
911 1945 1084 1988 efficere
1122 1950 1166 1986 et
1212 1958 1310 1986 cum
1356 1941 1487 1984 rebus
1534 1939 1693 1983 divinis

340 2003 556 2046 artissima
586 2002 910 2053 necessitudine
940 2001 1152 2044 contineri
1184 2000 1520 2042 demonstratur.

455 2057 668 2101 Videmus
710 2059 846 2115 igitur
884 2059 1029 2115 ipsum
1057 2057 1221 2113 dialogi
1248 2071 1296 2098 ar
1357 2058 1550 2096 mentum
1580 2050 1695 2094 eius-

343 2133 427 2172 que
468 2115 803 2170 descriptionem
840 2115 949 2155 nihil
986 2114 1170 2165 habere‚
1203 2126 1289 2167 quo
1349 2109 1545 2164 Platonis
1573 2109 1695 2166 inge-

342 2174 415 2215 nio
460 2177 503 2212 et
545 2170 736 2213 sollertia
771 2170 997 2227 indignum
1035 2169 1103 2211 sit.
1163 2166 1476 2224 Progredimur
1506 2164 1564 2207 ad
1592 2179 1697 2207 con-

341 2226 623 2273 siderandam
652 2226 854 2268 materiae
875 2225 1194 2279 tractationem,
1226 2238 1337 2278 quae
1358 2222 1430 2265 vel
1448 2222 1495 2268 in
1523 2220 1695 2265 scenico

341 2284 553 2328 sermonis
593 2298 619 2324 a
650 2288 806 2337 paratu
844 2282 915 2324 vel
942 2282 988 2324 in
1019 2279 1260 2324 disserendi
1289 2280 1430 2322 forma
1457 2283 1501 2320 et
1527 2277 1696 2320 ratione

344 2342 548 2384 cernitur.
620 2299 685 2380 1}ss
737 2339 935 2382 scenicus
985 2337 1160 2394 quidem
1198 2341 1377 2379 ornatus
1424 2334 1568 2391 operis
1617 2333 1697 2375 etsi

345 2398 532 2456 graviter
564 2412 588 2437 a
620 2395 879 2450 quibusdam
910 2395 1069 2437 criticis
1108 2394 1382 2450 vituperatus
1424 2395 1512 2444 est,
1553 2395 1697 2431 tamen

346 2454 476 2496 rebus
515 2458 715 2495 accurate
754 2451 1040 2501 consideratis
1088 2450 1216 2492 nihil'
1242 2446 1381 2504 inepti
1427 2452 1502 2501 aut
1546 2445 1699 2488 insulsi

347 2511 506 2554 habere
526 2508 711 2550 videtur.
771 2508 887 2550 Nam
917 2514 1127 2563 tempus
1159 2502 1436 2561 colloquii
1463 2501 1551 2558 ipsi
1570 2516 1698 2557 argu-

350 2572 494 2610 mento
538 2565 844 2606 convenienter
889 2565 1196 2615 constitutum,
1246 2557 1598 2616 quandoquidem
1646 2572 1698 2598 ex

353 2639 404 2665 eo
445 2621 570 2665 simul
610 2621 873 2676 perspicitur
919 2619 1193 2662 Alcibiadem
1230 2631 1308 2683 per
1352 2616 1482 2658 breve
1528 2619 1697 2656 tantum

349 2686 521 2735 tempus
552 2675 743 2720 Socratis
764 2677 1050 2719 familiaritate
1082 2682 1125 2718 et
1150 2671 1420 2717 instltutione
1441 2685 1566 2713 usum
1590 2684 1696 2711 esse.

352 2735 564 2778 Habitum
603 2732 782 2789 fingitur
821 2732 1086 2788 colloquium
1124 2730 1270 2787 paullo
1309 2728 1413 2769 vante
1461 2725 1699 2782 expeditio-
