1742 2970
340 226 423 268 388
733 208 1189 264 ALCIBIADES
1220 217 1281 261 11.

342 339 548 384 ἑκάστοτε
606 340 677 383 καὶ
733 332 873 382 τᾶλλα
919 335 1068 381 πάντα
1113 335 1194 380 οὐκ
1239 335 1372 391 ὀλίγῳ
1425 334 1698 391 ἐνδεεστέρως

346 409 526 463 τιμῶσιν
562 402 671 463 ἤπερ
708 403 854 462 ἡμεῖς,
886 402 1091 461 χρήματα
1129 401 1260 447 οὐδὲν
1296 399 1461 445 ἐλάττω
1496 405 1698 456 κεκτημέ-

346 491 418 518 νοι
453 474 533 526 τῆς
565 470 778 530 ἡμετέρας
812 469 988 521 πόλεως.
1033 467 1179 522 ἐπειδὴ
1224 473 1438 529 εἰρηκέναι
1473 465 1618 511 ταῦτά
1652 482 1697 510 τε

348 542 424 584 καὶ
458 540 751 597 ἐπερωτῆσαι,
787 541 830 581 τί
859 535 944 594 χρὴ
981 535 1263 594 πράττοντας
1290 531 1460 585 αὐτοὺς
1488 534 1586 577 τῶν·
1611 546 1691 577 πα-

276 608 315 649 Β
346 606 517 663 ρόντων
558 607 705 649 κακῶν
752 602 1019 658 ἀπαλλαγὴν
1063 600 1224 661 εὑρεῖν,
1275 598 1386 645 ἄλλο
1443 602 1524 655 μὲν
1567 598 1698 644 οὐδὲν

345 672 660 729 ἀποκριθῆναι
696 668 776 716 τὸν
813 668 1127 729 προφήτην-
1165 666 1246 712 τὸν
1269 665 1355 725 γὰρ
1382 665 1497 711 θεὸν
1515 664 1597 710 οὐκ
1618 667 1699 710 ἐᾶν

346 741 484 792 δῆλον
518 736 589 782 ὅτι
624 763 688 770 -
723 739 968 780 καλέσαντα
1004 738 1049 780 δὲ
1084 734 1248 786 αὐτόν,
1285 733 1572 787 Ἀθηναίοις,
1607 730 1699 792 φά-

346 807 445 861 ναι,
481 804 585 848 τάδε
615 806 726 857 ’λέγει
751 800 960 859 ’Ἀμμων-
1005 804 1141 861 φησὶν
1190 799 1248 845 ἂν
1289 799 1540 856 βούλεσθαι
1575 797 1698 855 αὐτῷ

348 870 431 924 τὴν
466 872 832 924 Λακεδαιμονίων
868 868 1089 928 εὐφημίαν
1125 866 1234 911 εἶναι
1266 869 1439 922 μᾶλλον
1462 864 1491 921 ἢ
1515 863 1569 910 τὰ
1594 864 1700 922 ξύμ,-

346 954 495 981 παντα
542 939 632 980 τῶν
670 934 887 989 Ἑλλήνων
929 932 1040 991 ἱεροί.
1086 936 1285 977 τοσαῦτα
1339 938 1498 986 εἰπεῖν,
1552 931 1699 977 οὐκέτι

347 1009 602 1062 περαιτέρω.
646 1000 729 1055 τὴν
775 1004 884 1056 γοῦν
932 1000 1155 1059 εὐφημίαν
1197 998 1277 1044 οὐκ
1313 997 1454 1053 ἄλλην
1487 998 1588 1044 τινά
1623 1017 1700 1056 μοι

346 1073 465 1114 δοκεῖ
508 1073 644 1125 λέγειν
682 1067 705 1112 ὁ
743 1066 856 1119 θεὸς
891 1066 917 1121 ἢ
957 1066 1035 1121 τὴν
1081 1065 1213 1123 εὐχὴν
1256 1064 1426 1110 αὐτῶν·
1469 1068 1560 1111 ἔστι
1610 1064 1698 1122 γὰρ

348 1140 410 1192 τῷ
457 1134 554 1181 ὄντι
598 1133 712 1179 πολὺ
761 1138 1033 1194 διαφέρουσα
1080 1136 1169 1177 τῶν
1203 1131 1364 1177 ἄλλων.
1415 1136 1458 1177 οἱ
1500 1135 1582 1189 μὲν
1611 1134 1698 1190 γὰρ

274 1214 311 1257 C
351 1203 479 1247 ἄλλοι
511 1202 717 1256 ’Έλληνες
762 1205 804 1246 οἱ
847 1204 928 1258 μὲν
964 1198 1236 1258 χρυσόκερως
1272 1202 1382 1256 βοῦς
1411 1198 1701 1257 παραστησά-

349 1287 497 1328 μενοι,
544 1274 682 1326 ἕτεροι
718 1268 758 1312 δ’
815 1267 1084 1324 ἀναθήμασι
1121 1265 1395 1326 δωρούμενοι
1426 1265 1534 1318 τοὺς
1562 1265 1701 1317 θεοὺς

441 1447 516 1480 οὐκ
541 1446 672 1489 ὀλίγῳ
699 1445 1008 1488 ἐνδεεστέρως]
1035 1445 1128 1479 Libri
1154 1442 1286 1487 ὀλίγως.
1334 1443 1496 1478 Correxit
1522 1444 1653 1479 Buttm.

441 1494 658 1536 εἰρηκέναι
690 1490 832 1523 ταῦτα’
866 1492 933 1532 τε]
967 1503 1002 1523 τε
1034 1502 1102 1524 om.
1128 1490 1230 1524 Bodl.
1257 1490 1335 1524 vat.
1365 1490 1447 1523 Ven.
1475 1488 1518 1525 Π.
1544 1490 1626 1523 Par.
1653 1488 1699 1522 G.

349 1545 385 1573 et
417 1539 519 1573 Turn
544 1538 717 1579 Sauppius
743 1538 832 1569 coni.
867 1536 985 1578 ἐπειδὴ
1021 1536 1053 1569 δ’
1081 1537 1252 1580 εἰρηκέναι
1277 1549 1307 1568 τ.
1341 1537 1495 1570 offensus
1520 1534 1699 1579 asyndeto.

350 1585 569 1618 Hei-mannus
594 1587 708 1616 autem
738 1582 808 1614 ἐπεὶ
832 1581 871 1624 δὴ
900 1583 1076 1615 seiunctim
1106 1582 1255 1624 scripsit.

351 1694 492 1729 modum
518 1694 680 1728 incuriam
699 1693 998 1728 Lacedaemonio-

351 1751 427 1774 rum
455 1741 699 1782 exaggeravit,
738 1749 825 1781 quos
850 1750 918 1772 non
944 1743 998 1772 est

355 1787 542 1819 verisimile
573 1796 722 1827 unquam
755 1790 886 1818 tantum
925 1785 997 1827 pia-

353 1834 469 1865 culum
501 1832 640 1874 pubiice
678 1831 869 1864 admisisse.
925 1830 996 1863 Sed

352 1878 510 1910 nimirum
538 1876 592 1910 hic
616 1887 753 1919 quoque
787 1876 908 1911 audire
933 1886 997 1909 uo-

351 1924 402 1957 bis
429 1922 585 1956 videmur
617 1923 765 1965 aliquem
800 1922 843 1955 de
880 1921 996 1954 schola

350 1968 645 2010 declamatorem,
688 1968 746 2010 qui
787 1977 860 2000 rem
908 1967 996 2000 adeo

352 2025 483 2056 augere
527 2024 594 2046 uon
643 2013 830 2054 dubitavit,
889 2012 995 2045 modo

351 2060 416 2092 sibi
450 2060 515 2102 ipsi
546 2059 638 2092 domi
673 2058 837 2102 plaudere
863 2059 993 2091 liceret.

351 2105 484 2138 Deinde
524 2114 586 2146 pro
623 2104 788 2137 iibrorum
826 2104 994 2146 scriptura

349 2149 470 2192 ὀλίγως
520 2151 735 2193 ἐνδεεστέρως
783 2149 827 2181 de
866 2149 993 2181 Butt-

350 2205 410 2228 ma
425 2195 493 2238 nni
519 2195 713 2228 coniectura
736 2194 896 2227 dedimus
920 2194 993 2226 ὀλί-

348 2252 396 2283 γῳ
424 2240 490 2272 ἰνδ.

395 2307 526 2340 οὐδὲν
577 2306 739 2340 ἒλιίττω
783 2305 993 2350 χρήματα

348 2354 397 2397 m]
427 2355 474 2386 V.
505 2352 548 2386 ad
586 2354 693 2388 Aicib.
721 2354 745 2388 1.
776 2363 809 2395 p.
840 2353 913 2387 122.
941 2352 993 2394 E„

348 2410 416 2442 quo
454 2401 532 2432 ioco
562 2399 653 2440 quod
677 2399 864 2441 ampliores
890 2398 992 2431 etiam

348 2446 456 2478 fuisse
500 2444 658 2477 dicuntur
691 2444 993 2477 Lacedaemonio-

349 2501 423 2524 rum
446 2500 546 2532 quam
569 2489 823 2523 Atheniensium
842 2490 990 2529 divitiae,

349 2538 508 2569 consulto
533 2535 580 2568 ibi
598 2534 762 2568 Socrates
782 2546 853 2568 rem
875 2538 992 2578 auget.

362 2604 436 2638 -B.
485 2602 588 2635 ἄλλο
618 2605 691 2646 μὲν
731 2603 858 2636 οὐδὲν
888 2601 990 2634 ἄπο-

348 2653 564 2692 κριθῆναι
594 2649 667 2680 τὸν
697 2649 784 2692 πρ.]
818 2649 991 2690 1117511ρο-

350 2695 495 2728 rioribus
557 2695 739 2737 aiiquoties
800 2695 991 2727 notavimus

352 2741 573 2783 ioquutiones
598 2740 788 2782 quasdam,
814 2749 903 2781 quae
929 2740 989 2772 mi-

350 2796 412 2819 uus
449 2787 577 2829 probae
616 2784 813 2819 viderentur
844 2785 991 2827 ideoque

1063 1694 1290 1737 impostorem
1315 1695 1510 1737 arguerent.
1536 1692 1589 1727 En
1613 1702 1702 1726 nuuc

1065 1739 1351 1782 deprehendimus
1403 1739 1504 1772 etiam
1557 1738 1703 1773 formam

1066 1786 1160 1819 verbi
1203 1785 1351 1818 citeriori
1393 1784 1582 1817 Graecitati
1621 1794 1704 1826 pro-

1066 1831 1196 1873 priam,
1243 1829 1521 1873 quandoquidem
1561 1828 1705 1874 ἀποκρι-

1067 1878 1177 1918 θῆναι
1211 1886 1273 1918 pro
1306 1874 1569 1919 ἀποκρίνασθαι
1609 1875 1705 1918 posi—

1065 1925 1136 1955 tum
1164 1922 1332 1955 videmus.
1383 1921 1471 1954 Vere
1496 1920 1587 1954 enim
1615 1924 1706 1954 Am-

1065 1968 1237 2000 monius
1272 1978 1304 2009 p.
1339 1965 1395 2000 21.
1439 1964 1706 2011 Ἀποκριθῆ-

1065 2025 1136 2045 ναι
1165 2012 1221 2044 καὶ
1261 2011 1598 2055 ἄποκρίνασθαι
1629 2011 1707 2044 δια-

1064 2059 1171 2102 φέρει,
1197 2058 1436 2100 ἀποκριθῆναι
1484 2057 1517 2088 ὲν
1540 2055 1606 2100 γάρ
1631 2058 1707 2089 ἐστι

1063 2103 1102 2136 ἰδ
1120 2103 1428 2148 ἀποχωρισθῆναι·
1446 2102 1706 2146 ananelum-902⁶

1063 2150 1097 2182 δὲ
1122 2149 1161 2181 τὰ
1189 2150 1412 2192 ἐρωτηθέντα
1443 2146 1549 2191 λόγον
1571 2147 1705 2182 δοῦναι.

1062 2195 1177 2228 Quam
1201 2193 1478 2227 observationem
1499 2193 1705 2226 confirmant

1061 2239 1200 2275 Tuom.
1239 2239 1345 2281 Mag.
1387 2250 1419 2282 p.
1465 2237 1522 2273 96.
1570 2237 1702 2281 Phry-

1063 2285 1215 2318 nichus
1253 2295 1286 2327 p.
1316 2283 1389 2320 108.
1427 2283 1626 2317 Eun-tutin,
1658 2284 1701 2318 ad

1061 2330 1162 2364 Iliad.
1207 2342 1240 2369 ε,
1284 2330 1336 2365 12.
1372 2331 1441 2366 aiii,
1501 2329 1703 2363 Confirmari

1063 2376 1209 2410 eandem
1242 2386 1308 2408 usu
1335 2375 1494 2418 ioqueudi
1520 2379 1553 2408 et
1577 2379 1702 2409 aucto-

1063 2422 1167 2455 ritate
1199 2423 1407 2465 scriptorum
1447 2419 1603 2454 codicum
1636 2421 1701 2453 ab·

1062 2467 1154 2500 unde
1189 2467 1469 2500 demonstrarunt
1492 2465 1699 2500 Sturzius

1063 2514 1113 2546 De
1154 2513 1312 2545 Dialecto
1355 2513 1452 2547 Aiax.
1491 2521 1524 2554 p.
1558 2510 1632 2547 148.
1663 2515 1700 2546 et

1059 2558 1254 2592 Lobeck.
1281 2557 1323 2590 ad
1348 2556 1473 2599 Phrym
1489 2557 1508 2589 Ι.
1524 2565 1554 2597 c,
1580 2556 1699 2591 Quum

1060 2605 1164 2646 igitur
1189 2604 1221 2636 iu
1246 2606 1300 2636 tot
1333 2603 1427 2635 libris
1457 2602 1699 2645 manuscriptis

1061 2653 1261 2682 constanter
1285 2648 1452 2691 scriptum
1483 2647 1529 2680 ait
1551 2645 1698 2690 ἀποκρι-

1062 2697 1172 2735 θῆναι
1197 2704 1308 2735 neque
1331 2694 1366 2726 id
1383 2692 1575 2726 scribarum
1591 2693 1697 2726 errori

1061 2740 1178 2772 deberi
1204 2739 1370 2778 videatur,
1394 2747 1614 2780 consequens
1629 2743 1697 2778 est,

1061 2789 1097 2818 ut
1123 2784 1327 2827 scriptorem
1354 2783 1429 2817 iibri
1448 2787 1562 2818 aetate
1583 2784 1696 2818 Grae-
