1742 2970
540 916 1005 979 PROLEGOMENA

755 1044 799 1075 ad

203 1140 864 1198 ALCIBIADEM
911 1144 1345 1200 PRIMUM.

91 1322 352 1415 Singularis
386 1358 470 1400 fuit
499 1358 592 1401 eius
622 1357 747 1411 libri,
789 1357 864 1412 qui
896 1356 1143 1400 Alcibiadis
1182 1359 1341 1415 prioris
1376 1377 1455 1405 no-

34 1435 42 1444 ·
89 1429 190 1459 men
227 1415 275 1458 in
312 1415 458 1459 ftonte
488 1416 642 1472 gerit,
682 1415 883 1468 fortuna,
927 1413 1143 1469 siquidem
1190 1430 1216 1457 a
1263 1431 1457 1462 summae

91 1472 369 1515 auctoritatis
409 1472 612 1529 fastigio,
662 1487 792 1527 quam
831 1471 935 1513 olim
981 1470 1101 1528 apud
1150 1471 1458 1531 philosophiae

89 1528 347 1572 Platonicae
387 1529 551 1573 amieos
603 1528 816 1582 obtinuit,
867 1542 1009 1584 nuper
1049 1535 1230 1584 repente
1268 1531 1316 1573 in
1362 1546 1459 1574 eam

88 1585 393 1636 conditionem
437 1586 642 1629 detrusus
684 1590 778 1639 est,
810 1590 860 1627 ut
879 1585 966 1626 iam
995 1585 1142 1627 multis
1172 1586 1250 1628 vix
1268 1587 1459 1632 lectione

86 1641 253 1702 ,dignus
290 1643 508 1687 videatur.
579 1641 768 1686 Constat
798 1642 913 1691 enim
943 1642 1058 1683 inter
1087 1657 1255 1698 omnes,
1288 1651 1459 1688 veteres

20 1752 23 1754 v
86 1695 347 1750 ‚Platonicos
377 1699 479 1744 huic
510 1699 688 1757 dialogo
718 1704 891 1742 tantum
920 1697 1051 1755 pretii
1079 1698 1304 1755 tribuisse,
1335 1707 1386 1743 ut
1413 1702 1459 1744 in

92 1772 145 1800 eo
175 1757 406 1801 universae
445 1756 750 1815 philosophiae
790 1755 1046 1798 Platonicae
1086 1756 1253 1799 semina
1289 1757 1461 1800 inclusa

93 1829 190 1858 esse
222 1815 306 1858 sibi
334 1813 652 1871 persuaderent
679 1813 868 1868 ideoque
898 1812 1056 1854 librum
1081 1813 1311 1856 uberrimis
1342 1829 1460 1857 com-

93 1871 319 1914 mentariis
348 1871 640 1913 illustrarent:
671 1870 718 1911 in
749 1885 837 1924 quo
868 1869 1121 1925 scriptionis
1151 1884 1311 1925 genere
1333 1885 1460 1925 prae-

94 1934 163 1971 ter
199 1927 586 1971 Democritum
632 1926 933 1978 Platonicum,
971 1925 1166 1982 Longini
1216 1927 1460 1981 aequalem,

93 1984 490 2038 Iamblichum‚
512 1982 902 2036 Damascium⁷
923 1981 1460 2038 Harpocrationem,

94 2041 228 2097 alios,
273 2057 459 2099 quorum
503 2056 638 2098 opera
680 2039 918 2096 perierunt,
951 2040 1174 2080 Proetus
1203 2040 1388 2082 maxime
1418 2046 1463 2083 et

102 2100 515 2155 Olympiodorus
554 2097 834 2140 elaborarunt
858 2096 917 2149 ³¹²).
975 2094 1074 2137 Nec
1117 2094 1236 2151 apud
1271 2096 1381 2139 alios
1410 2097 1462 2139 li-

94 2157 182 2200 bro
211 2155 353 2200 honos
379 2170 486 2198 suus
516 2153 679 2207 defuit,
712 2153 750 2195 si
781 2151 889 2208 quid
918 2167 972 2193 ex
1001 2151 1222 2207 frequenti
1249 2152 1462 2204 locorum,

98 2226 211 2270 quos
240 2227 442 2269 magnam
473 2217 641 2269 partem
669 2210 716 2252 in
748 2208 1030 2251 annotatione
1049 2209 1312 2263 notavimus,
1344 2225 1463 2253 com-

97 2270 409 2313 memoratione
450 2267 566 2326 apud
599 2266 789 2324 optimos
830 2280 1028 2321 quosque
1065 2265 1302 2322 scriptores
1342 2267 1464 2310 colli-

15 2366 18 2370 .
99 2341 202 2386 gere
230 2326 348 2369 licet.
407 2325 468 2367 Et
505 2325 667 2367 mansit
705 2322 951 2378 honorifica
979 2322 1087 2372 haec
1131 2321 1185 2364 de
1223 2337 1275 2364 eo
1315 2323 1464 2371 existi-

16 2408 32 2431 .;
99 2383 231 2427 matio
273 2382 331 2425 ad
359 2387 555 2426 nostram
583 2395 723 2438 usque
755 2384 963 2432 aetatem,
997 2394 1085 2434 qua
1112 2379 1300 2434 primum
1330 2380 1465 2422 exsti-

99 2446 249 2490 terunt
289 2440 364 2495 qui
410 2439 504 2481 eius
534 2438 667 2481 fidem
698 2443 742 2478 et
783 2435 1090 2478 auctoritatem
1129 2435 1288 2478 acriter
1325 2436 1465 2493 impu-

171 2658 203 2699 ⁸‘)
235 2657 278 2688 V.
305 2654 500 2687 Creuzer
524 2655 618 2687 Edit.
648 2654 764 2688 Procli
789 2660 822 2687 et
837 2653 1084 2695 olympiodori
1108 2653 1150 2684 F.
1175 2653 1205 2685 I.
1231 2650 1333 2684 Fasc.
1359 2651 1400 2682 Ι..
1432 2661 1467 2692 p.

221 2702 334 2790 {237
354 2711 437 2779 ζῆθι.
465 2701 545 2732 coll.
579 2701 775 2742 Diogen.
801 2702 951 2733 Laert.
988 2700 1035 2732 111.
1062 2699 1118 2733 62.
1155 2698 1309 2737 Albini
1341 2696 1467 2738 Frag.

202 2805 290 2837 mat..
315 2804 404 2845 opp.
433 2803 507 2835 v01.
537 2803 574 2834 v.
602 2803 640 2834 P.
669 2802 692 2834 ι.
874 2781 878 2785 ’
1146 2788 1195 2828 13
