1754 2964
277 234 304 275 s
668 193 1156 275 PROLEGOMENA
1185 227 1242 271 aa

390 345 521 389 Hanc
563 357 665 388 vero
697 343 925 387 scientiam
967 339 1332 399 quemadmodum
1362 337 1431 381 vir
1457 347 1482 382 s·
1534 339 1630 384 ien-

278 402 474 447 tissimus
523 401 661 445 omnis
707 399 1011 457 philosophiae
1066 399 1229 442 fontem
1276 412 1327 441 ac
1373 394 1514 463 princi
1586 412 1630 440 m

280 476 375 504 esse
416 458 609 513 censuit,
654 463 704 499 ut
726 457 803 499 =i11i
838 457 916 499 uni
953 455 1138 498 maxime
1179 460 1316 497 totam
1344 458 1507 497 v1tam·

279 515 612 570 consecraverit,
641 514 705 557 ita
735 513 917 556 eandem
947 513 1079 556 etiam
1109 511 1166 554 ad
1192 527 1339 554 veram
1365 520 1632 568 germanam*-

279 587 362 630 que
399 574 605 615 virtutem
641 576 811 614 tantum
849 570 994 612 valere
1043 569 1279 612 arbitratus
1316 573 1405 622 est,
1448 572 1500 608 ut
1538 574 1632 609 eam

279 630 418 673 omnis
450 630 565 673 vitae
585 634 807 682 tamquam
826 627 1078 683 magistram
1107 631 1150 667 et
1169 623 1518 682 gubernatricem
1538 635 1633 664 esse

279 692 482 744 oportere
513 684 840 728 existimaverit.
913 681 1050 726 Cuius
1081 682 1323 724 sententiae
1355 694 1536 723 caussae
1567 683 1634 720 at-

279 759 363 799 que
384 744 590 796 rationes,
611 741 742 784 etiam
771 756 796 782 a
819 740 1040 783 veteribus
1065 737 1361 795 scriptoribus
1372 735 1633 789 declaratae,

278 800 397 842 haud
426 815 533 842 sane
562 800 607 840 in
637 798 824 844 obscuro
864 797 1016 839 latent.
1075 795 1234 839 Noluit
1261 794 1375 837 enim
1405 792 1634 836 scientiam

279 873 305 898 a
323 857 439 899 vitae
460 856 632 898 actione
656 869 751 896 esse
771 854 1013 896 seiunctam
1034 858 1110 895 aut
1139 857 1398 909 separatam‚
1430 847 1510 892 sed
1537 863 1634 891 eam

278 928 447 955 omnem
463 918 594 967 atque
608 917 810 953 cunctam
818 915 1040 964 tamquam
1059 924 1210 966 regere
1221 914 1354 963 atque
1373 906 1632 964 gubernare,

280 969 486 1024 quoniam
512 967 580 1009 vis
616 966 710 1008 eius
739 965 848 1007 haec
881 971 1015 1019 esset,
1045 971 1095 1007 ut
1114 966 1245 1007 etiam
1273 964 1359 1021 ipsi
1386 963 1504 1019 vitae
1523 967 1634 1004 tam-

279 1040 409 1081 quam
448 1023 647 1080 spiritum
685 1021 965 1079 vigoremque
994 1021 1230 1073 inhalaret3
1269 1019 1386 1062 unde
1416 1019 1546 1061 etiam
1570 1016 1635 1060 ita

279 1081 364 1123 sibi
404 1080 646 1138 persuasit,
697 1085 774 1132 ut,
819 1079 1071 1134 quicunque
1129 1092 1232 1120 vere
1272 1076 1337 1119 rei
1390 1074 1633 1131 cuiuspiam

279 1142 397 1180 esset
432 1136 682 1192 intelligens
719 1140 971 1189 rectamque
1002 1133 1094 1176 eius
1124 1134 1346 1176 notionem
1375 1131 1518 1174 animo
1549 1145 1632 1174 suo

278 1194 554 1236 informatam
593 1196 785 1245 teneret⁷
824 1191 862 1233 is
902 1190 1031 1232 etiam
1075 1189 1131 1232 ad
1160 1196 1302 1244 recte,-
1340 1189 1451 1232 bene
1482 1194 1526 1230 et
1553 1187 1633 1230 ho-

276 1256 404 1293 neste·
445 1247 662 1306 agendum
699 1247 885 1290 idoneus
913 1246 1156 1302 videretur,
1188 1245 1402 1302 siquidem
1431 1243 1633 1288 effectum

278 1306 383 1348 dare
423 1304 644 1359 studeret,
685 1303 803 1360 quod
833 1304 964 1346 animi
990 1304 1217 1360 persuasio
1246 1309 1292 1345 et
1322 1302 1479 1345 mentis
1506 1301 1633 1344 intel-

277 1362 461 1420 ligentia
489 1361 671 1404 doceret
701 1375 849 1403 verum
877 1366 1132 1416 rectumque
1162 1375 1257 1403 esse
1288 1360 1342 1416 ¹⁸¹).

393 1418 456 1462 Et
484 1418 596 1460 hanc
627 1416 803 1472 quidem
833 1417 1049 1460 rationem
1079 1417 1208 1459 etiam
1229 1416 1374 1469 Plato,
1408 1428 1494 1471 quo
1523 1419 1634 1456 tem*

276 1490 383 1533 pore
421 1474 615 1531 pressius
652 1473 768 1516 illius
797 1472 907 1530 legit
934 1473 1048 1516 vesti
1081 1473 1137 1528 ia,
1175 1473 1306 1529 plane
1335 1470 1635 1537 comprobavit

279 1533 598 1589 probatamque
639 1531 703 1573 ita
731 1529 926 1572 defendit
953 1536 995 1572 et
1023 1489 1272 1584 iffustravit‚
1305 1535 1355 1571 ut
1383 1527 1634 1585 opinionem

281 1604 455 1643 eorum,
487 1588 562 1643 qui
598 1588 806 1630 virtutem
844 1601 867 1628 e
907 1587 1040 1629 rebus
1081 1586 1271 1628 externis
1302 1600 1353 1628 ac
1383 1598 1514 1641 saepe
1544 1583 1633 1625 for-

279 1646 402 1687 tuitis
440 1644 511 1687 vel
548 1645 679 1686 etiam
718 1652 773 1685 ex
814 1643 1014 1687 sensibus
1043 1655 1424 1700 suspensamesse
1452 1639 1631 1693 vellent,

278 1701 579 1757 multipliciter
606 1699 912 1754 ludificaverit‚
942 1699 1125 1742 veritate
1144 1705 1366 1755 tamquam
1394 1711 1472 1754 per
1490 1694 1632 1751 quod-

279 1757 379 1799 dam
426 1757 664 1799 ludibrium
721 1772 744 1798 e
790 1756 1032 1814 longinquo
1086 1761 1276 1798 ostensa.
1351 1751 1633 1810 Significavit

281 1815 399 1857 enim
437 1813 691 1868 identidem,
734 1827 864 1868 quam
893 1813 1061 1855 incerta
1101 1817 1233 1868 atque
1271 1811 1441 1854 lubrica
1487 1813 1634 1862 essent

280 1884 430 1912 eorum
473 1869 527 1911 de
565 1870 725 1912 virtute
770 1868 957 1923 iudicia,
994 1868 1069 1924 qui
1106 1883 1203 1910 eam
1240 1867 1298 1911 ad
1328 1881 1460 1915 unam
1487 1879 1632 1911 rerum

280 1925 573 1983 cognitionem
605 1940 628 1968 e
659 1925 792 1968 rebus
823 1939 1058 1979 earumque
1086 1939 1168 1967 usu
1186 1921 1630 1972 haustamvrefeffent,

277 1984 421 2036 neque
464 1982 509 2022 in
548 1981 714 2022 ratione
755 1994 807 2021 ac
843 1979 1147 2036 philosophiae
1216 1977 1462 2021 ersuasione
1504 1975 1633 2017 sitam

278 2042 499 2094 putarent.
559 2035 768 2078 Ostendit
797 2050 927 2090 porro
957 2050 1047 2077 non
1075 2049 1163 2076 uno
1210 2047 1315 2088 000,
1357 2031 1632 2088 disciplinam

277 2093 450 2136 virtutis
488 2092 663 2134 omnino
701 2091 865 2134 nuilam
915 2105 1010 2133 esse
1058 2105 1201 2145 neque
1240 2089 1464 2132 virtutem,
1485 2087 1634 2130 doceri

277 2164 425 2206 posse,
451 2148 536 2191 nisi
565 2148 746 2190 scientia
777 2153 997 2202 tamquam
1011 2146 1290 2190 fundamento
1320 2143 1509 2202 quodam
1539 2158 1633 2186 cer-

278 2207 446 2248 tissimo
475 2205 700 2260 niteretur,
741 2218 966 2259 vanosque
995 2217 1091 2247 esse
1129 2217 1203 2245 eos
1235 2216 1401 2255 omnes,
1436 2200 1511 2256 qui
1539 2199 1632 2243 eius

280 2262 454 2304 laudem
484 2267 561 2303 aut
588 2261 632 2303 in
667 2260 754 2304 enii
782 2260 980 2312 bon-itate
1010 2264 1087 2302 aut
1117 2273 1249 2302 coeca
1276 2258 1393 2302 vitae
1424 2255 1631 2300 adsuetu-

283 2319 384 2361 dine
423 2323 499 2360 aut
546 2333 627 2373 pru
663 2317 755 2360 enti
806 2331 950 2359 rerum
996 2321 1271 2370 externarum
1318 2311 1630 2361 diiudicatione

284 2374 524 2431 comparari
573 2389 702 2430 posse
741 2373 1054 2416 arbitrarentur
1082 2371 1160 2427 ⁸²²).
1236 2370 1402 2418 Docuit
1440 2369 1629 2426 denique

351 2579 387 2618 *)
412 2578 453 2611 V.
478 2582 702 2611 commentar.
727 2578 772 2610 ad
795 2576 940 2610 Lachet.
963 2586 995 2620 p.
1023 2575 1099 2611 194.
1124 2575 1168 2610 D.

337 2647 387 2688 ⁸⁸)
411 2646 563 2679 Multum
586 2646 902 2688 agitata‘jquaestio
928 2646 966 2677 in
990 2645 1120 2677 scholis
1145 2640 1626 2685 sophistarnmflerat,'„virtns

414 2703 495 2724 num
521 2693 639 2724 doceri
663 2695 794 2733 posset.
827 2702 860 2723 v.
886 2691 939 2723 Ιο.
964 2690 1033 2723 Fr.
1059 2690 1272 2723 Fischer.
1297 2688 1344 2723 ad
1366 2686 1533 2720 Aeschin.
1561 2685 1626 2718 So-

416 2742 498 2770 crat.
522 2737 629 2781 Diali.
657 2738 687 2770 1.
712 2748 747 2779 p.
772 2737 809 2771 21
841 2746 891 2777 sq.
939 2735 1052 2774 Quam
1081 2736 1180 2767 Plato
1204 2735 1303 2768 libris
1327 2731 1564 2773 compluribus
1578 2731 1628 2763 ita.

416 2784 594 2824 tractavit,
620 2787 662 2815 ut
682 2783 852 2816 sententia
880 2782 989 2823 ipsius
1014 2782 1189 2823 neutiqam
1215 2780 1363 2812 obseura
1387 2778 1444 2810 sit.
1494 2777 1625 2809 Adver-
