1742 2970
501 133 1008 193 enarrans
1374 146 1430 186 m

74 268 124 309 ad
152 271 307 310 rectam
335 277 472 306 rerum
503 264 773 316 cognitionem
803 263 952 316 aliquid
984 263 1222 315 conferant,
1252 269 1299 304 ut
1326 263 1431 303 haec

73 328 192 368 unice
228 336 278 364 ex
318 330 454 364 mutua
491 335 628 362 earum
668 323 955 362 coniunctione
995 327 1037 360 ct
1074 323 1252 374 ipsarum
1290 328 1431 362 natura

73 382 292 424 haurienda
338 381 537 420 videatur.
612 379 738 420 Certe
787 379 948 430 quidem
998 379 1100 418 haec
1142 380 1320 432 cognitio
1365 374 1431 420 eat

74 442 203 482 multo
244 439 525 492 praestabilior
562 449 634 480 ea.
663 450 767 488 quae
797 450 846 476 ex
890 436 1173 476 vocabulorum
1202 438 1354 476 umbris
1387 443 1432 477 et

75 498 315 550 imaginibus
350 496 545 535 hauritur.
614 494 706 534 Huc
744 494 926 544 accedit,
963 493 1070 545 quod
1108 495 1301 534 vocabula
1351 490 1429 534 ista

74 562 226 597 motum
256 567 391 594 rerum
422 553 688 604 significantia
727 565 909 592 errorem
935 552 1113 605 prodere
1141 552 1339 599 videntur,
1371 553 1432 592 si-

73 614 236 666 quidem
263 624 334 651 res
364 622 443 657 uon
471 614 672 663 perpetua
702 609 967 650 fluctuatione
998 611 1222 662 agitantur,
1261 609 1333 649 sed
1365 614 1433 649 est

74 668 235 723 aliquod
274 670 444 714 bonum,
481 665 690 720 pulcrum,
739 668 956 708 honestum
1000 681 1074 719 per
1116 681 1162 707 se
1201 668 1431 707 consistens

74 741 151 771 nec
174 728 246 768 ulli
265 725 499 766 mutationis
519 725 784 764 vicissitudini
802 725 1042 766 subiectum.
1107 724 1315 766 Videlicet
1338 724 1431 777 pul-

72 799 186 827 crum
214 786 348 837 ipsum
379 784 414 822 si
443 795 609 834 semper
637 783 805 831 flueret,
836 795 887 823 ne
917 783 1114 822 nominari
1139 782 1301 834 quidem
1331 795 1430 834 pos-

72 848 164 892 set,
202 841 309 894 quod
347 840 441 880 dum
485 841 804 888 nominaremus,
845 845 1043 893 protenus
1083 841 1278 880 evaderet
1310 840 1431 883 aliud.

71 900 178 953 Quid
207 899 314 951 quod
344 899 385 937 in
414 899 493 937 ista
522 910 658 936 rerum
687 898 907 950 agitatione
936 911 1011 938 nec
1041 899 1222 950 cognitio
1241 897 1340 937 >ulla
1368 899 1431 937 lo-

70 971 163 999 cum
191 957 385 999 haberet:
414 968 504 994 nam
533 956 661 1006 ipsam
694 956 965 1007 cognitionem
988 968 1161 995 necesse
1191 960 1303 996 esset
1333 968 1431 1009 per-

71 1021 201 1070 petuo
230 1014 377 1054 mutari
405 1012 579 1063 ideoque
609 1013 783 1052 transire
811 1013 851 1052 in
881 1013 1008 1065 ipsius
1030 1014 1287 1056 contrarium.
1347 1012 1430 1053 Sed

71 1075 144 1114 illa
172 1084 269 1113 sane
297 1083 439 1123 magua
468 1081 514 1108 ac
545 1068 727 1110 difficilis
757 1071 941 1120 quaestio
971 1075 1060 1120 est,
1088 1075 1224 1111 utrum
1253 1084 1322 1111 res
1354 1084 1432 1123 per

71 1144 119 1172 se
148 1130 372 1171 consistant
398 1127 538 1167 firmae
568 1132 611 1166 et
639 1128 910 1168 immutabiles
927 1157 938 1177 ,
968 1141 1017 1168 an
1047 1129 1268 1169 secundum
1297 1129 1431 1169 Hera-

71 1189 212 1230 clitum
246 1189 450 1240 perpetuo
492 1184 656 1224 flumine
698 1185 931 1237 agitentur,
971 1198 1088 1236 quam
1139 1186 1178 1226 in
1223 1187 1431 1239 praesenti

70 1248 236 1288 misnam
273 1244 478 1284 faciamus.
561 1241 666 1281 Illud
705 1246 839 1283 autem
879 1243 1112 1282 certissime
1151 1248 1217 1283 est
1253 1243 1429 1284 hominis

70 1315 211 1358 parum
243 1300 510 1348 considerati,
539 1299 712 1339 animum
741 1313 857 1340 suum
887 1301 1172 1341 vocabulorum
1204 1302 1355 1342 umbris
1386 1307 1432 1342 et

71 1361 311 1414 imaginibus
341 1356 604 1399 erudiendum
634 1358 904 1407 committere,
933 1357 1118 1411 adeoque
1146 1359 1197 1398 iis
1226 1359 1429 1401 confiden-

72 1425 157 1461 tem
187 1422 304 1458 certo
333 1415 581 1456 contendere
611 1419 654 1454 et
681 1416 907 1464 affirmare,
946 1415 1048 1455 nihil
1078 1416 1293 1468 quidquam
1323 1418 1431 1458 certi

50 1486 119 1517 <tae
146 1475 254 1517 firmi
282 1475 323 1514 in
352 1474 476 1514 rebus
505 1473 666 1523 inesse,
696 1472 771 1514 sed
801 1474 934 1513 omnia
961 1473 1093 1514 fluere
1120 1478 1244 1527 atque
1271 1476 1430 1529 agitari.

71 1533 116 1575 Ρ.
144 1530 242 1574 438.
271 1531 319 1572 1⁴1.
349 1555 406 1562 --
434 1531 532 1571 440.
566 1529 613 1570 C.

182 1601 299 1642 Haec
335 1603 603 1653 posteaquam
642 1598 699 1638 ita
737 1598 927 1651 exposuit
962 1596 1179 1650 Socrates,
1219 1598 1430 1655 cratylum

70 1660 336 1708 cohortatur,
363 1662 411 1698 ut
439 1658 564 1698 missa
589 1657 876 1709 superstitiosa
902 1656 1147 1698 credulitate
1174 1658 1269 1711 ipse
1299 1663 1431 1702 omnia

3 1723 11 1734 ⁰
70 1719 290 1771 diligenter
323 1716 514 1768 exploret
553 1715 843 1767 explorataque
877 1714 1090 1767 aliquando
1130 1727 1272 1757 secum
1315 1731 1430 1759 com-

72 1777 267 1820 municet.
323 1773 404 1814 Hic
431 1785 529 1813 vero
560 1773 640 1813 etsi
667 1772 748 1811 hoc
775 1773 834 1812 ita
862 1784 885 1811 a
913 1785 959 1812 se
988 1772 1145 1813 factum
1171 1774 1223 1814 iri
1251 1775 1429 1827 pollice-

72 1838 163 1884 tur,
197 1837 335 1874 tamen
373 1842 469 1870 sese
502 1830 561 1870 ait
595 1831 637 1870 in
674 1829 740 1869 his
768 1830 893 1868 rebus
921 1842 1001 1870 non
1030 1829 1133 1870 adeo
1163 1844 1259 1871 esse
1287 1832 1431 1886 hospi-

73 1897 161 1933 tem
198 1895 244 1931 ct
281 1889 538 1941 imperitum,
573 1891 620 1926 ut
648 1886 908 1926 Heracliteae
943 1887 1111 1928 rationis
1140 1891 1430 1940 praestantiam

73 1962 154 1991 non
194 1947 356 1989 sentiat.
414 1945 557 1996 ltaque
594 1943 786 1984 Socrates
823 1944 874 1983 ab
904 1956 955 1983 eo
984 1946 1111 1997 petit,
1150 1950 1197 1985 ut
1233 1960 1332 1988 rure
1358 1961 1429 1989 re-

72 2019 216 2048 versus
244 2004 355 2045 illam
392 2003 470 2042 sibi
500 2002 689 2042 ostendat
718 2005 763 2042 et
790 2000 1058 2047 demonstret.
1116 2003 1271 2055 Quibus
1308 2005 1432 2050 dictis

72 2060 320 2116 colloquium
348 2061 501 2103 finitur.
557 2058 604 2102 P.
630 2059 728 2102 44⁰.
756 2057 792 2099 D
823 2081 879 2089 —-
904 2059 958 2103 Ε.

186 2143 294 2184 Satis
332 2141 614 2182 confirmatum
657 2142 845 2193 putamus
873 2138 952 2179 hac
980 2138 1132 2195 dialogi
1160 2143 1431 2195 enarratione,

74 2201 184 2256 quod
220 2205 339 2241 antea
374 2198 426 2239 de
454 2197 669 2251 scriptoris
706 2197 748 2237 in
777 2210 828 2237 eo
859 2198 1101 2239 elaborando
1131 2200 1300 2240 consilio
1328 2214 1430 2254 pau-

76 2261 136 2301 cis
176 2259 313 2299 verbis
351 2256 674 2310 significavimus.
734 2254 883 2295 Docuit
920 2257 1027 2296 enim
1056 2256 1354 2311 philosophus,
1392 2259 1431 2299 si

77 2316 174 2370 quid
202 2315 382 2357 iudicare
422 2326 615 2366 possum,
651 2313 811 2352 nomina
838 2326 976 2354 rerum
1004 2326 1081 2354 nec
1111 2315 1229 2355 unice
1258 2317 1430 2357 arbitra-

78 2377 140 2416 ria
169 2387 263 2414 esse
283 2385 360 2413 nec
378 2370 656 2411 tantummodo
685 2369 895 2420 naturalia,
920 2372 1170 2424 mirificeque
1193 2373 1433 2415 hallucinari

12 2471 14 2473 .
78 2445 166 2482 eos,
181 2432 249 2484 qui
269 2429 539 2483 posteriorem
557 2428 814 2482 potissimum
835 2429 967 2469 secuti
987 2431 1228 2471 sententiam
1246 2444 1295 2471 ex
1312 2444 1433 2472 voca-

37 2514 44 2545 <
77 2489 264 2532 batorum
286 2487 567 2540 originatione‚
596 2486 838 2538 praesertim
855 2486 956 2526 adeo
975 2491 1133 2527 temere
1150 2492 1339 2538 tractata,
1362 2503 1431 2530 re·-

77 2560 169 2589 rum
197 2546 469 2599 cognitionem
498 2543 756 2583 hauriendam
788 2546 985 2594 statuant,
1027 2550 1074 2584 ut
1103 2558 1207 2597 quae
1234 2547 1354 2588 unice
1381 2558 1432 2589 ex

14 2617 17 2623 ’
77 2604 315 2646 inmutabili
343 2602 624 2651 constantique
644 2601 809 2641 >illarum
838 2606 981 2642 natura
1008 2602 1191 2644 ducenda
1219 2604 1287 2645 sit.

190 2684 273 2725 lam
308 2694 404 2723 vero
444 2682 605 2735 quinam
643 2680 798 2721 fuerint
826 2680 1059 2735 philosophi
1087 2683 1157 2724 isti
1185 2687 1308 2736 atque
1339 2689 1431 2738 ety-

81 2740 261 2796 mologi,
293 2741 363 2794 qui
396 2739 438 2783 in
474 2738 642 2792 Cratylo
681 2738 864 2781 ridentur
894 2744 938 2782 et
979 2741 1268 2795 exploduntur,
1307 2743 1430 2799 vulgo
