1742 2970
332 213 417 255 310
805 211 1180 255 PLATONIS

333 331 458 386 ἐσμὲν
494 326 639 381 αὐτοί,
683 327 844 373 τούτου
890 331 935 372 δὲ
970 332 1030 374 ἔτι
1064 325 1187 381 ὄντες
1220 334 1266 373 ὲν
1303 327 1663 387 ἀγνοίᾳψὸδύνα-

335 399 404 440 τοί
424 412 539 445 που.
1540 412 1556 420 „

432 476 537 521 AA.
604 473 777 532 Ὀρθῶς
810 477 955 528 λέγεις.

434 555 538 598 ΣΩ.
595 553 691 611 ’Ἔχε
727 548 806 597 οὖν
837 552 946 611 πρὸς
981 551 1092 605 Διός.
1141 555 1200 608 τῷ
1245 537 1425 610 διαλέγει
1469 552 1534 599 σὺ
1562 555 1667 606 νῦν,-

331 618 449 676 ἅλλῳ
486 639 545 678 τῳ
580 620 606 675 ἢ
642 625 764 677 ὲμοί;

432 702 535 744 ΑΛ.
606 702 710 744 Ναί.

431 777 535 821 ΣΩ.
608 777 780 822 Οὐκοῦν
816 781 888 821 καὶ
925 775 1002 833 ἐγώ
1041 782 1130 826 σοί;

437 858 539 900 ΑΛ.
610 858 714 900 Ναί.

435 933 541 978 ΣΩ.
609 932 855 991 Σωκράτης
888 930 960 989 ἄρ’
1001 936 1116 978 ἐστὶν
1152 952 1175 978 o
1214 933 1537 995 ὃιαλεγόμενοςς

433 1014 540 1057 ΑΛ.
611 1010 740 1056 Πάνυ
775 1029 835 1067 γε.

435 1091 540 1135 ΣΩ.
603 1089 875 1147 Ἀλκιβιάδης
911 1092 955 1135 δὲ
990 1089 1013 1134 ὁ
1047 1089 1244 1144 ἀκούων;

437 1160 539 1202 ΑΛ.
608 1161 715 1202 Ναί.

431 1225 536 1269 ΣΩ,
609 1224 782 1269 Οὐκοῦν
819 1223 934 1279 λόγῳ
971 1226 1212 1281 διαλέγεται
1247 1224 1271 1269 ὁ
1309 1222 1581 1282 Σωκράτης;

426 1293 530 1336 ΑΛ.
607 1291 665 1336 Τί
695 1290 806 1348 μήνῖ,

433 1358 537 1402 ΣΩ.
612 1356 671 1403 Τὸ
709 1361 752 1402 δὲ
789 1360 1070 1414 διαλέγεσθαι
1115 1359 1188 1401 καὶ
1230 1356 1280 1401 τὸ
1327 1357 1443 1415 λόγῳ
1468 1361 1673 1419 χρῆσθαι

332 1425 495 1471 ταύτόν
531 1443 616 1471 που
651 1429 807 1477 καλεῖς.

431 1496 533 1538 ΑΛ.
603 1491 737 1537 Πάνυ
773 1510 834 1548 γε.

432 1561 538 1604 ΣΩ.
601 1559 647 1605 Ὁ
685 1562 728 1604 δὲ
759 1558 979 1616 χρώμενος
1013 1561 1087 1603 καὶ
1120 1552 1153 1614 ᾧ
1186 1560 1347 1615 χρῆται
1377 1559 1458 1604 οὐκ
1494 1556 1627 1614 ἄλλω

433 1629 538 1672 ΑΛ.
608 1630 715 1679 Πῶς
749 1630 904 1683 λέγεις,-

426 1757 591 1790 τούτου
627 1758 665 1790 δὲ
705 1758 770 1790 ἔτι
813 1757 935 1792 ὄντες
966 1757 1007 1789 ἐν
1035 1755 1142 1799 driu]
1177 1756 1236 1789 Sic
1268 1756 1367 1789 Bodl.
1400 1761 1474 1793 vat.
1510 1758 1592 1793 Ven.
1624 1756 1673 1793 Π,

335 1803 432 1837 vind.
457 1806 490 1839 2.
516 1804 547 1839 9.
574 1803 666 1836 Flor.
692 1814 721 1838 a.
747 1805 778 1835 b.
807 1807 842 1836 et
866 1813 909 1835 ex
936 1813 1000 1836 em.
1026 1804 1105 1836 Par.
1134 1803 1208 1836 Bc.
1256 1802 1351 1836 Mate
1379 1805 1482 1847 vulgo
1517 1808 1592 1838 erat
1612 1802 1673 1837 δν-

313 1848 406 1887 ’τος.
458 1851 540 1883 Dein
565 1849 683 1892 steph.
709 1860 784 1883 cum
809 1849 892 1882 solis
918 1848 998 1883 Par.
1027 1848 1102 1882 EF.
1127 1848 1218 1882 Flor.
1245 1847 1278 1881 d.
1307 1847 1491 1893 ἂδῦνᾳτον.

426 1896 533 1938 ἄλλῳ
564 1908 616 1937 τῳ
652 1894 672 1936 ἢ
705 1896 844 1939 ἐμοῖς]
883 1894 921 1927 V.
950 1894 1043 1936 ἄλλῳ
1068 1895 1146 1929 τινί.
1196 1894 1335 1927 Plurimi
1360 1894 1459 1934 codd.
1484 1895 1566 1928 ἄλλο
1592 1909 1628 1928 τι
1652 1892 1673 1937 ἢ

335 1943 432 1985 ἔμοΙς
462 1941 552 1984 quod
577 1941 709 1983 recepit
735 1942 879 1975 Bekker.
913 1941 957 1973 ita
989 1944 1026 1973 ut
1050 1951 1145 1974 more
1172 1950 1236 1973 suo
1262 1942 1464 1983 expunxerit
1491 1941 1513 1984 ἢ
1537 1945 1675 1985 praeter

337 1989 498 2022 librorum
529 1986 630 2020 fidem
666 1991 699 2019 et
730 1987 980 2020 auctoritatem.
1016 1986 1105 2022 conf.
1137 1997 1238 2030 supra
1270 1996 1302 2028 p.
1332 1986 1404 2020 116.
1432 1987 1471 2020 D.
1505 1987 1614 2029 Gorg.
1638 1997 1674 2030 p.

335 2035 414 2069 455.
443 2034 482 2067 Β.
512 2045 543 2076 p.
569 2032 647 2066 48¹.
675 2032 714 2066 C.
740 2045 771 2075 p.
797 2033 874 2068 496.
903 2033 942 2064 D.
966 2044 997 2075 p.
1023 2033 1100 2067 502.
1133 2032 1173 2065 C.
1197 2032 1312 2074 Lysid.
1338 2043 1370 2075 p.
1392 2032 1468 2067 222.
1495 2033 1535 2068 D.
1563 2032 1674 2066 Phae-

337 2081 414 2114 don.
441 2091 473 2121 p.
500 2081 554 2114 70.
582 2078 624 2113 C.
648 2089 680 2121 p.
706 2080 760 2115 79.
787 2081 826 2114 A.
851 2078 988 2121 p..106.
1015 2081 1054 2110 A.
1082 2079 1119 2111 E.
1149 2078 1286 2112 Menon.
1313 2089 1345 2120 p.
1362 2077 1417 2112 87.
1443 2079 1482 2111 D.
1509 2089 1541 2121 p.
1558 2077 1612 2113 83.
1633 2079 1671 2111 Β.

335 2137 367 2168 p.
400 2125 459 2160 82.
491 2126 534 2159 D.
569 2123 751 2167 Euthyphr.
784 2136 816 2167 p.
847 2125 897 2159 15.
934 2124 970 2157 C.
1005 2124 1118 2165 ibique
1150 2127 1264 2156 annot.
1320 2122 1402 2156 Dedi
1437 2127 1551 2158 autem
1585 2133 1673 2157 nuuc

337 2180 411 2204 cum
442 2171 648 2203 Buttmanno
673 2170 761 2211 ἄλλῳ
787 2183 834 2212 τῳ
859 2179 920 2212 pro
947 2170 1038 2211 vulg.
1064 2169 1145 2202 ἄλλο
1171 2181 1220 2210 τι,
1245 2169 1436 2204 Stobaeum
1462 2173 1615 2216 secutus,
1641 2168 1672 2203 id

334 2216 427 2259 quod
453 2216 676 2259 sequentibus
698 2216 925 2249 confirmatur.

336 2330 450 2361 ctione
477 2329 634 2371 scriptori
659 2328 782 2370 aiiquid
807 2327 973 2362 obtruda-

334 2385 423 2413 mus,
449 2374 539 2416 quod
568 2383 633 2407 non
658 2374 701 2406 sit
722 2374 764 2406 ab
789 2375 864 2417 ipso
891 2384 970 2416 pro—

335 2421 476 2454 fectum.
534 2421 651 2462 ltaque
682 2419 721 2452 τὸ
750 2419 837 2453 αὐτὸ
874 2423 971 2462 puta-

337 2476 411 2499 mus
437 2467 629 2508 pronomini
654 2464 742 2498 αὐτὸ
779 2477 840 2509 per
863 2476 969 2508 appo-

337 2512 502 2545 sitionem
529 2523 606 2545 esse
630 2511 820 2554 adiectum,
855 2516 892 2544 ut
923 2511 968 2543 si—

337 2558 517 2601 gnificetur
543 2557 596 2597 id,
627 2557 720 2599 quod
747 2559 807 2591 sibi
832 2567 971 2601 semper

338 2606 472 2637 constat
502 2613 611 2645 eoque
644 2603 688 2635 ab
721 2603 897 2636 individuis
922 2603 972 2635 vi-

340 2649 530 2685 cissitudini
576 2653 764 2692 perpetuae
816 2650 972 2682 obnoxiis

340 2695 565 2738 distinguitur.
613 2694 716 2730 Quod
751 2700 863 2728 autem
890 2693 973 2727 haec

341 2741 500 2783 loquendi
534 2741 651 2774 --forma
688 2751 851 2783 nusquam
893 2741 972 2773 aiibi

339 2786 428 2829 apud
462 2787 642 2821 Platonem
675 2787 862 2830 reperitur,
909 2786 974 2820 hoc

1041 2332 1136 2360 certe
1168 2328 1244 2361 nihii
1276 2328 1358 2361 facit
1389 2328 1430 2361 nd
1463 2328 1673 2362 labefactan-

1040 2374 1116 2406 dam
1145 2375 1219 2407 iibri
1243 2375 1345 2408 fidem
1372 2378 1407 2407 et
1423 2374 1672 2408 auctoritatem.

1039 2419 1167 2455 Quidni
1210 2421 1301 2453 enim
1344 2420 1502 2463 scriptori
1541 2420 1674 2453 licuerit

1039 2465 1141 2498 etiam
1166 2466 1231 2499 alia
1257 2466 1401 2500 subinde
1424 2465 1674 2499 dictioneuti‘e

1040 2511 1118 2544 Huc
1141 2512 1288 2552 accedit,
1315 2511 1408 2554 quod
1423 2512 1478 2544 iile
1501 2520 1570 2554 quo
1584 2515 1673 2544 tem-

1039 2567 1124 2599 pore
1156 2557 1243 2593 bunc
1275 2558 1394 2590 librum
1432 2556 1568 2598 scripsit
1610 2566 1674 2590 nec

1039 2603 1190 2636 idearum
1227 2603 1416 2636 doctrinam
1446 2602 1566 2635 habuit
1593 2613 1674 2646 per-

1038 2649 1165 2682 fectum
1201 2653 1237 2682 et
1267 2649 1494 2688 elaboratam,
1525 2657 1588 2681 nec
1622 2649 1675 2682 in-

1038 2700 1159 2728 ventas
1190 2701 1248 2729 eus
1283 2703 1386 2728 voces
1422 2704 1463 2727 uc
1497 2694 1675 2736 loquutio-

1040 2750 1121 2782 nes,
1147 2741 1271 2783 quibus
1299 2744 1420 2790 postea
1443 2739 1477 2772 in
1501 2738 1674 2775 illustran-

1041 2786 1095 2819 dis
1129 2787 1260 2830 placitis
1291 2786 1367 2819 suis⁴
1394 2795 1476 2819 usus
1500 2789 1572 2821 aet.
1617 2785 1674 2819 ob
