<?xml version="1.0" encoding="UTF-8"?>
<!DOCTYPE html PUBLIC "-//W3C//DTD XHTML 1.0 Transitional//EN"
    "http://www.w3.org/TR/xhtml1/DTD/xhtml1-transitional.dtd">
<html xmlns="http://www.w3.org/1999/xhtml" xml:lang="en" lang="en">
 <head>
  <title>
</title>
<meta http-equiv="Content-Type" content="text/html;charset=utf-8" />
  <meta name='ocr-system' content='tesseract 3.04.00' />
  <meta name='ocr-capabilities' content='ocr_page ocr_carea ocr_par ocr_line ocrx_word'/>
</head>
<body>
  <div class='ocr_page' id='page_1' title='image "./operaomniarecens05platuoft_0029.png"; bbox 0 0 1754 2964; ppageno 0'>
   <div class='ocr_carea' id='block_1_1' title="bbox 535 165 1474 212">
    <p class='ocr_par' dir='ltr' id='par_1_1' title="bbox 535 165 1474 212">
     <span class='ocr_line' id='line_1_1' title="bbox 535 165 1474 212; baseline 0.002 -2"><span class='ocrx_word' id='word_1_1' title='bbox 535 187 538 194; x_wconf 93' lang='lat'>·</span> <span class='ocrx_word' id='word_1_2' title='bbox 619 165 986 211; x_wconf 64' lang='lat' dir='ltr'><strong>LACHETEM.</strong></span> <span class='ocrx_word' id='word_1_3' title='bbox 1422 170 1474 212; x_wconf 82' lang='lat'>23</span> 
     </span>
    </p>
   </div>
   <div class='ocr_carea' id='block_1_2' title="bbox 58 281 1489 2577">
    <p class='ocr_par' dir='ltr' id='par_1_2' title="bbox 58 281 1489 635">
     <span class='ocr_line' id='line_1_2' title="bbox 124 281 1489 340; baseline -0.003 -11"><span class='ocrx_word' id='word_1_4' title='bbox 124 290 269 329; x_wconf 63' lang='lat' dir='ltr'>um-</span> <span class='ocrx_word' id='word_1_5' title='bbox 305 282 534 328; x_wconf 64' lang='lat' dir='ltr'>auten-:in</span> <span class='ocrx_word' id='word_1_6' title='bbox 563 281 810 340; x_wconf 79' lang='lat' dir='ltr'>Protagora</span> <span class='ocrx_word' id='word_1_7' title='bbox 837 299 879 340; x_wconf 89' lang='lat' dir='ltr'>p.</span> <span class='ocrx_word' id='word_1_8' title='bbox 909 283 1007 326; x_wconf 77' lang='lat'><strong>359.</strong></span> <span class='ocrx_word' id='word_1_9' title='bbox 1049 281 1088 324; x_wconf 87' lang='grc' dir='ltr'>Β</span> <span class='ocrx_word' id='word_1_10' title='bbox 1119 296 1215 338; x_wconf 74' lang='lat' dir='ltr'>sqq.</span> <span class='ocrx_word' id='word_1_11' title='bbox 1261 283 1489 339; x_wconf 81' lang='lat' dir='ltr'>copiosis-.</span> 
     </span>
     <span class='ocr_line' id='line_1_3' title="bbox 58 338 1474 387; baseline -0.003 0"><span class='ocrx_word' id='word_1_12' title='bbox 58 359 62 362; x_wconf 67' lang='grc'><em>’</em></span> <span class='ocrx_word' id='word_1_13' title='bbox 123 341 231 386; x_wconf 66' lang='lat' dir='ltr'>sime</span> <span class='ocrx_word' id='word_1_14' title='bbox 267 339 461 387; x_wconf 65' lang='lat' dir='ltr'>ostendit</span> <span class='ocrx_word' id='word_1_15' title='bbox 497 338 800 383; x_wconf 78' lang='lat' dir='ltr'>fortitudinem</span> <span class='ocrx_word' id='word_1_16' title='bbox 842 338 1056 383; x_wconf 76' lang='lat' dir='ltr'>contineri</span> <span class='ocrx_word' id='word_1_17' title='bbox 1097 354 1241 382; x_wconf 89' lang='lat' dir='ltr'>rerum</span> <span class='ocrx_word' id='word_1_18' title='bbox 1280 346 1474 383; x_wconf 86' lang='lat' dir='ltr'>metuen-</span> 
     </span>
     <span class='ocr_line' id='line_1_4' title="bbox 122 395 1475 451; baseline -0.002 -8"><span class='ocrx_word' id='word_1_19' title='bbox 122 398 278 451; x_wconf 69' lang='lat' dir='ltr'>darun</span> <span class='ocrx_word' id='word_1_20' title='bbox 314 404 373 446; x_wconf 53' lang='grc' dir='ltr'>οὺ</span> <span class='ocrx_word' id='word_1_21' title='bbox 390 412 486 441; x_wconf 70' lang='lat' dir='ltr'>‘non</span> <span class='ocrx_word' id='word_1_22' title='bbox 523 396 854 441; x_wconf 84' lang='lat' dir='ltr'>metuendamm</span> <span class='ocrx_word' id='word_1_23' title='bbox 891 395 1074 440; x_wconf 88' lang='lat' dir='ltr'>scientia</span> <span class='ocrx_word' id='word_1_24' title='bbox 1111 411 1210 439; x_wconf 88' lang='lat' dir='ltr'>cum</span> <span class='ocrx_word' id='word_1_25' title='bbox 1238 402 1362 445; x_wconf 86' lang='lat' dir='ltr'>recto</span> <span class='ocrx_word' id='word_1_26' title='bbox 1390 412 1475 441; x_wconf 87' lang='lat' dir='ltr'>usu</span> 
     </span>
     <span class='ocr_line' id='line_1_5' title="bbox 122 452 1474 512; baseline -0.001 -12"><span class='ocrx_word' id='word_1_27' title='bbox 122 452 381 511; x_wconf 45' lang='lat' dir='ltr'>coni-cta,</span> <span class='ocrx_word' id='word_1_28' title='bbox 419 453 618 510; x_wconf 82' lang='lat' dir='ltr'>adeoque</span> <span class='ocrx_word' id='word_1_29' title='bbox 649 454 782 497; x_wconf 84' lang='lat' dir='ltr'>etiam</span> <span class='ocrx_word' id='word_1_30' title='bbox 813 454 944 498; x_wconf 84' lang='lat' dir='ltr'>docet</span> <span class='ocrx_word' id='word_1_31' title='bbox 971 471 1014 512; x_wconf 89' lang='lat' dir='ltr'>p.</span> <span class='ocrx_word' id='word_1_32' title='bbox 1046 454 1144 497; x_wconf 82' lang='lat'>354.</span> <span class='ocrx_word' id='word_1_33' title='bbox 1173 453 1214 497; x_wconf 88' lang='grc' dir='ltr'>Ε</span> <span class='ocrx_word' id='word_1_34' title='bbox 1259 469 1355 511; x_wconf 85' lang='lat' dir='ltr'>sqq.</span> <span class='ocrx_word' id='word_1_35' title='bbox 1386 455 1474 498; x_wconf 88' lang='lat' dir='ltr'>vir-</span> 
     </span>
     <span class='ocr_line' id='line_1_6' title="bbox 121 511 1473 570; baseline 0.002 -16"><span class='ocrx_word' id='word_1_36' title='bbox 121 512 258 565; x_wconf 57' lang='lat' dir='ltr'>m</span> <span class='ocrx_word' id='word_1_37' title='bbox 286 526 382 555; x_wconf 66' lang='lat' dir='ltr'>eam</span> <span class='ocrx_word' id='word_1_38' title='bbox 421 527 511 555; x_wconf 82' lang='lat' dir='ltr'>non</span> <span class='ocrx_word' id='word_1_39' title='bbox 541 517 712 554; x_wconf 86' lang='lat' dir='ltr'>tantum</span> <span class='ocrx_word' id='word_1_40' title='bbox 741 511 798 554; x_wconf 89' lang='lat' dir='ltr'>ad</span> <span class='ocrx_word' id='word_1_41' title='bbox 826 528 896 555; x_wconf 87' lang='lat' dir='ltr'>res</span> <span class='ocrx_word' id='word_1_42' title='bbox 926 526 1084 570; x_wconf 86' lang='lat' dir='ltr'>graves</span> <span class='ocrx_word' id='word_1_43' title='bbox 1115 517 1159 554; x_wconf 89' lang='lat' dir='ltr'>et</span> <span class='ocrx_word' id='word_1_44' title='bbox 1187 512 1473 569; x_wconf 83' lang='lat' dir='ltr'>periculosas,</span> 
     </span>
     <span class='ocr_line' id='line_1_7' title="bbox 120 568 1472 635; baseline -0.001 -20"><span class='ocrx_word' id='word_1_45' title='bbox 120 582 286 623; x_wconf 52' lang='lat' dir='ltr'>ms</span> <span class='ocrx_word' id='word_1_46' title='bbox 306 569 439 620; x_wconf 76' lang='lat' dir='ltr'>etiam</span> <span class='ocrx_word' id='word_1_47' title='bbox 477 568 534 612; x_wconf 87' lang='lat' dir='ltr'>ad</span> <span class='ocrx_word' id='word_1_48' title='bbox 577 569 709 612; x_wconf 88' lang='lat' dir='ltr'>animi</span> <span class='ocrx_word' id='word_1_49' title='bbox 737 570 986 627; x_wconf 87' lang='lat' dir='ltr'>voluptates</span> <span class='ocrx_word' id='word_1_50' title='bbox 1019 585 1070 612; x_wconf 88' lang='lat' dir='ltr'>ac</span> <span class='ocrx_word' id='word_1_51' title='bbox 1116 569 1472 635; x_wconf 77' lang='lat' dir='ltr'>perturbationes</span> 
     </span>
    </p>

    <p class='ocr_par' dir='ltr' id='par_1_3' title="bbox 98 625 1475 2577">
     <span class='ocr_line' id='line_1_8' title="bbox 176 625 1474 684; baseline 0 -14"><span class='ocrx_word' id='word_1_52' title='bbox 176 675 182 678; x_wconf 55' lang='grc'><strong>,</strong></span> <span class='ocrx_word' id='word_1_53' title='bbox 218 626 229 638; x_wconf 85' lang='grc'><em>“</em></span> <span class='ocrx_word' id='word_1_54' title='bbox 311 642 348 670; x_wconf 88' lang='lat' dir='ltr'>e.</span> <span class='ocrx_word' id='word_1_55' title='bbox 406 625 510 682; x_wconf 82' lang='lat' dir='ltr'>Quo</span> <span class='ocrx_word' id='word_1_56' title='bbox 533 626 677 670; x_wconf 89' lang='lat' dir='ltr'>minus</span> <span class='ocrx_word' id='word_1_57' title='bbox 739 628 904 670; x_wconf 86' lang='lat' dir='ltr'>rofecto</span> <span class='ocrx_word' id='word_1_58' title='bbox 945 626 1132 671; x_wconf 80' lang='lat' dir='ltr'>dubitari</span> <span class='ocrx_word' id='word_1_59' title='bbox 1160 626 1336 684; x_wconf 82' lang='lat' dir='ltr'>poterit,</span> <span class='ocrx_word' id='word_1_60' title='bbox 1399 627 1474 670; x_wconf 90' lang='lat' dir='ltr'>uin</span> 
     </span>
     <span class='ocr_line' id='line_1_9' title="bbox 119 633 1474 740; baseline -0.002 -11"><span class='ocrx_word' id='word_1_61' title='bbox 119 633 320 739; x_wconf 67' lang='lat' dir='ltr'>m</span> <span class='ocrx_word' id='word_1_62' title='bbox 349 683 573 740; x_wconf 84' lang='lat' dir='ltr'>Lachete,</span> <span class='ocrx_word' id='word_1_63' title='bbox 612 643 736 740; x_wconf 59' lang='lat' dir='ltr'>quid)</span> <span class='ocrx_word' id='word_1_64' title='bbox 762 683 820 727; x_wconf 89' lang='lat' dir='ltr'>ad</span> <span class='ocrx_word' id='word_1_65' title='bbox 856 683 1159 727; x_wconf 85' lang='lat' dir='ltr'>fortitudinem</span> <span class='ocrx_word' id='word_1_66' title='bbox 1199 682 1371 727; x_wconf 84' lang='lat' dir='ltr'>efficien</span> <span class='ocrx_word' id='word_1_67' title='bbox 1430 701 1474 727; x_wconf 91' lang='lat' dir='ltr'>m</span> 
     </span>
     <span class='ocr_line' id='line_1_10' title="bbox 117 740 1473 798; baseline -0.001 -11"><span class='ocrx_word' id='word_1_68' title='bbox 117 740 260 790; x_wconf 47' lang='lat' dir='ltr'>vm</span> <span class='ocrx_word' id='word_1_69' title='bbox 287 741 526 796; x_wconf 85' lang='lat' dir='ltr'>videretur,</span> <span class='ocrx_word' id='word_1_70' title='bbox 545 741 823 786; x_wconf 81' lang='lat' dir='ltr'>callidissime</span> <span class='ocrx_word' id='word_1_71' title='bbox 841 748 1062 798; x_wconf 82' lang='lat' dir='ltr'>tamquam</span> <span class='ocrx_word' id='word_1_72' title='bbox 1093 741 1263 785; x_wconf 85' lang='lat' dir='ltr'>levibus</span> <span class='ocrx_word' id='word_1_73' title='bbox 1293 740 1473 797; x_wconf 86' lang='lat' dir='ltr'>quibus-</span> 
     </span>
     <span class='ocr_line' id='line_1_11' title="bbox 116 796 1474 866; baseline 0 -23"><span class='ocrx_word' id='word_1_74' title='bbox 116 796 400 853; x_wconf 53' lang='lat' dir='ltr'>fflhdioiis</span> <span class='ocrx_word' id='word_1_75' title='bbox 422 815 505 857; x_wconf 83' lang='lat' dir='ltr'>per</span> <span class='ocrx_word' id='word_1_76' title='bbox 516 798 681 857; x_wconf 79' lang='lat' dir='ltr'>dialogi</span> <span class='ocrx_word' id='word_1_77' title='bbox 699 799 1069 866; x_wconf 75' lang='lat' dir='ltr'>opportunitatem</span> <span class='ocrx_word' id='word_1_78' title='bbox 1089 798 1348 857; x_wconf 88' lang='lat' dir='ltr'>prodiderit,</span> <span class='ocrx_word' id='word_1_79' title='bbox 1369 798 1474 843; x_wconf 89' lang='lat' dir='ltr'>dum</span> 
     </span>
     <span class='ocr_line' id='line_1_12' title="bbox 115 855 1472 916; baseline -0.001 -16"><span class='ocrx_word' id='word_1_80' title='bbox 115 855 360 916; x_wconf 51' lang='lat' dir='ltr'>*aiffa-ium</span> <span class='ocrx_word' id='word_1_81' title='bbox 379 857 635 914; x_wconf 86' lang='lat' dir='ltr'>opinionum</span> <span class='ocrx_word' id='word_1_82' title='bbox 654 857 875 900; x_wconf 83' lang='lat' dir='ltr'>lev1tatem</span> <span class='ocrx_word' id='word_1_83' title='bbox 897 857 1056 915; x_wconf 86' lang='lat' dir='ltr'>arguit.</span> <span class='ocrx_word' id='word_1_84' title='bbox 1116 856 1211 899; x_wconf 89' lang='lat' dir='ltr'>Iam</span> <span class='ocrx_word' id='word_1_85' title='bbox 1230 872 1333 899; x_wconf 88' lang='lat' dir='ltr'>vero</span> <span class='ocrx_word' id='word_1_86' title='bbox 1362 855 1472 899; x_wconf 85' lang='lat' dir='ltr'>haec</span> 
     </span>
     <span class='ocr_line' id='line_1_13' title="bbox 115 913 1473 970; baseline -0.001 -12"><span class='ocrx_word' id='word_1_87' title='bbox 115 914 262 958; x_wconf 74' lang='lat' dir='ltr'>omnia</span> <span class='ocrx_word' id='word_1_88' title='bbox 318 929 424 958; x_wconf 81' lang='lat' dir='ltr'>uum</span> <span class='ocrx_word' id='word_1_89' title='bbox 453 913 511 957; x_wconf 91' lang='lat' dir='ltr'>ad</span> <span class='ocrx_word' id='word_1_90' title='bbox 551 914 823 957; x_wconf 87' lang='lat' dir='ltr'>fortitudinis</span> <span class='ocrx_word' id='word_1_91' title='bbox 852 914 938 956; x_wconf 91' lang='lat' dir='ltr'>vim</span> <span class='ocrx_word' id='word_1_92' title='bbox 958 920 1244 969; x_wconf 83' lang='lat' dir='ltr'>naturamque</span> <span class='ocrx_word' id='word_1_93' title='bbox 1275 913 1473 970; x_wconf 87' lang='lat' dir='ltr'>aperien-</span> 
     </span>
     <span class='ocr_line' id='line_1_14' title="bbox 115 929 1474 1029; baseline -0.001 -14"><span class='ocrx_word' id='word_1_94' title='bbox 115 967 217 1018; x_wconf 66' lang='lat' dir='ltr'>dam</span> <span class='ocrx_word' id='word_1_95' title='bbox 253 929 428 1015; x_wconf 51' lang='lat' dir='ltr'>vsseant</span> <span class='ocrx_word' id='word_1_96' title='bbox 464 971 723 1029; x_wconf 90' lang='lat' dir='ltr'>plurimum,</span> <span class='ocrx_word' id='word_1_97' title='bbox 772 979 866 1014; x_wconf 90' lang='lat' dir='ltr'>tum</span> <span class='ocrx_word' id='word_1_98' title='bbox 905 970 1060 1014; x_wconf 90' lang='lat' dir='ltr'>eodem</span> <span class='ocrx_word' id='word_1_99' title='bbox 1102 970 1330 1014; x_wconf 87' lang='lat' dir='ltr'>referenda</span> <span class='ocrx_word' id='word_1_100' title='bbox 1371 977 1474 1014; x_wconf 88' lang='lat' dir='ltr'>sunt</span> 
     </span>
     <span class='ocr_line' id='line_1_15' title="bbox 114 1027 1475 1084; baseline -0.001 -12"><span class='ocrx_word' id='word_1_101' title='bbox 114 1027 301 1072; x_wconf 63' lang='lat' dir='ltr'>maxime</span> <span class='ocrx_word' id='word_1_102' title='bbox 327 1029 458 1072; x_wconf 66' lang='lat' dir='ltr'>etiam</span> <span class='ocrx_word' id='word_1_103' title='bbox 483 1028 574 1083; x_wconf 82' lang='lat' dir='ltr'>illa,</span> <span class='ocrx_word' id='word_1_104' title='bbox 615 1043 728 1084; x_wconf 82' lang='lat' dir='ltr'>quae</span> <span class='ocrx_word' id='word_1_105' title='bbox 756 1034 944 1071; x_wconf 85' lang='lat' dir='ltr'>exeunte</span> <span class='ocrx_word' id='word_1_106' title='bbox 973 1043 1174 1072; x_wconf 82' lang='lat' dir='ltr'>sermone</span> <span class='ocrx_word' id='word_1_107' title='bbox 1205 1027 1260 1076; x_wconf 87' lang='lat' dir='ltr'>de</span> <span class='ocrx_word' id='word_1_108' title='bbox 1291 1028 1475 1072; x_wconf 86' lang='lat' dir='ltr'>scientia</span> 
     </span>
     <span class='ocr_line' id='line_1_16' title="bbox 111 1083 1473 1142; baseline -0.002 -12"><span class='ocrx_word' id='word_1_109' title='bbox 111 1083 575 1132; x_wconf 34' lang='lat' dir='ltr'>affluit-tutissshudem</span> <span class='ocrx_word' id='word_1_110' title='bbox 599 1086 846 1129; x_wconf 82' lang='lat' dir='ltr'>necessaria</span> <span class='ocrx_word' id='word_1_111' title='bbox 884 1085 1176 1142; x_wconf 88' lang='lat' dir='ltr'>disputantur.</span> <span class='ocrx_word' id='word_1_112' title='bbox 1238 1083 1473 1142; x_wconf 86' lang='lat' dir='ltr'>Significa-</span> 
     </span>
     <span class='ocr_line' id='line_1_17' title="bbox 113 1141 1466 1196; baseline -0.001 -10"><span class='ocrx_word' id='word_1_113' title='bbox 113 1147 185 1195; x_wconf 57' lang='grc' dir='ltr'>ῆι·</span> <span class='ocrx_word' id='word_1_114' title='bbox 219 1142 436 1186; x_wconf 62' lang='lat' dir='ltr'>enimihi</span> <span class='ocrx_word' id='word_1_115' title='bbox 470 1141 707 1186; x_wconf 83' lang='lat' dir='ltr'>admodum</span> <span class='ocrx_word' id='word_1_116' title='bbox 743 1142 859 1185; x_wconf 87' lang='lat' dir='ltr'>clare</span> <span class='ocrx_word' id='word_1_117' title='bbox 890 1157 942 1186; x_wconf 87' lang='lat' dir='ltr'>ac</span> <span class='ocrx_word' id='word_1_118' title='bbox 970 1141 1185 1196; x_wconf 84' lang='lat' dir='ltr'>dilucide,</span> <span class='ocrx_word' id='word_1_119' title='bbox 1227 1142 1356 1186; x_wconf 88' lang='lat' dir='ltr'>sicuti</span> <span class='ocrx_word' id='word_1_120' title='bbox 1385 1141 1466 1185; x_wconf 89' lang='lat' dir='ltr'>vir-</span> 
     </span>
     <span class='ocr_line' id='line_1_18' title="bbox 111 1199 1474 1256; baseline -0.001 -13"><span class='ocrx_word' id='word_1_121' title='bbox 111 1204 231 1248; x_wconf 59' lang='lat' dir='ltr'>tutus</span> <span class='ocrx_word' id='word_1_122' title='bbox 267 1199 461 1256; x_wconf 77' lang='lat' dir='ltr'>reliquas</span> <span class='ocrx_word' id='word_1_123' title='bbox 491 1212 664 1254; x_wconf 84' lang='lat' dir='ltr'>omnes,</span> <span class='ocrx_word' id='word_1_124' title='bbox 705 1199 767 1242; x_wconf 85' lang='lat' dir='ltr'>ita</span> <span class='ocrx_word' id='word_1_125' title='bbox 795 1199 925 1243; x_wconf 85' lang='lat' dir='ltr'>etiam</span> <span class='ocrx_word' id='word_1_126' title='bbox 954 1199 1258 1242; x_wconf 87' lang='lat' dir='ltr'>fortitudinem</span> <span class='ocrx_word' id='word_1_127' title='bbox 1288 1199 1474 1243; x_wconf 78' lang='lat' dir='ltr'>scientia</span> 
     </span>
     <span class='ocr_line' id='line_1_19' title="bbox 111 1255 1472 1315; baseline -0.001 -14"><span class='ocrx_word' id='word_1_128' title='bbox 111 1257 416 1301; x_wconf 66' lang='lat' dir='ltr'>consummari.</span> <span class='ocrx_word' id='word_1_129' title='bbox 482 1255 608 1311; x_wconf 81' lang='lat' dir='ltr'>Quae</span> <span class='ocrx_word' id='word_1_130' title='bbox 649 1257 865 1300; x_wconf 85' lang='lat' dir='ltr'>sententia</span> <span class='ocrx_word' id='word_1_131' title='bbox 902 1257 983 1300; x_wconf 87' lang='lat' dir='ltr'>etsi</span> <span class='ocrx_word' id='word_1_132' title='bbox 1023 1264 1175 1315; x_wconf 85' lang='lat' dir='ltr'>argute</span> <span class='ocrx_word' id='word_1_133' title='bbox 1205 1263 1338 1313; x_wconf 87' lang='lat' dir='ltr'>atque</span> <span class='ocrx_word' id='word_1_134' title='bbox 1368 1272 1472 1312; x_wconf 88' lang='lat' dir='ltr'>eap-</span> 
     </span>
     <span class='ocr_line' id='line_1_20' title="bbox 109 1313 1472 1370; baseline -0.001 -12"><span class='ocrx_word' id='word_1_135' title='bbox 109 1313 519 1358; x_wconf 56' lang='lat' dir='ltr'>timet-reducitur»</span> <span class='ocrx_word' id='word_1_136' title='bbox 547 1313 604 1357; x_wconf 84' lang='lat' dir='ltr'>ad</span> <span class='ocrx_word' id='word_1_137' title='bbox 642 1313 922 1358; x_wconf 86' lang='lat' dir='ltr'>refutandum</span> <span class='ocrx_word' id='word_1_138' title='bbox 962 1314 1137 1358; x_wconf 86' lang='lat' dir='ltr'>Niciam</span> <span class='ocrx_word' id='word_1_139' title='bbox 1178 1314 1378 1370; x_wconf 87' lang='lat' dir='ltr'>adeoque</span> <span class='ocrx_word' id='word_1_140' title='bbox 1419 1329 1472 1357; x_wconf 87' lang='lat' dir='ltr'>eo</span> 
     </span>
     <span class='ocr_line' id='line_1_21' title="bbox 109 1370 1472 1430; baseline -0.001 -15"><span class='ocrx_word' id='word_1_141' title='bbox 109 1370 400 1430; x_wconf 60' lang='lat' dir='ltr'>pum-bitur,</span> <span class='ocrx_word' id='word_1_142' title='bbox 442 1378 492 1415; x_wconf 88' lang='lat' dir='ltr'>ut</span> <span class='ocrx_word' id='word_1_143' title='bbox 519 1370 621 1415; x_wconf 77' lang='lat' dir='ltr'>inde</span> <span class='ocrx_word' id='word_1_144' title='bbox 651 1371 955 1415; x_wconf 68' lang='lat' dir='ltr'>fortitudinem</span> <span class='ocrx_word' id='word_1_145' title='bbox 984 1371 1092 1414; x_wconf 87' lang='lat' dir='ltr'>nihil</span> <span class='ocrx_word' id='word_1_146' title='bbox 1123 1388 1148 1414; x_wconf 89' lang='lat' dir='ltr'>a</span> <span class='ocrx_word' id='word_1_147' title='bbox 1176 1372 1356 1428; x_wconf 87' lang='lat' dir='ltr'>reliquis</span> <span class='ocrx_word' id='word_1_148' title='bbox 1385 1371 1472 1415; x_wconf 88' lang='lat' dir='ltr'>vir-</span> 
     </span>
     <span class='ocr_line' id='line_1_22' title="bbox 109 1427 1474 1487; baseline -0.001 -15"><span class='ocrx_word' id='word_1_149' title='bbox 109 1428 279 1473; x_wconf 60' lang='lat' dir='ltr'>tutibus</span> <span class='ocrx_word' id='word_1_150' title='bbox 299 1427 482 1472; x_wconf 66' lang='lat' dir='ltr'>differre</span> <span class='ocrx_word' id='word_1_151' title='bbox 514 1428 749 1484; x_wconf 84' lang='lat' dir='ltr'>efficiatur,</span> <span class='ocrx_word' id='word_1_152' title='bbox 781 1435 927 1472; x_wconf 82' lang='lat' dir='ltr'>tamen</span> <span class='ocrx_word' id='word_1_153' title='bbox 948 1445 1037 1485; x_wconf 89' lang='lat' dir='ltr'>quo</span> <span class='ocrx_word' id='word_1_154' title='bbox 1068 1428 1197 1472; x_wconf 88' lang='lat' dir='ltr'>modo</span> <span class='ocrx_word' id='word_1_155' title='bbox 1214 1428 1474 1487; x_wconf 86' lang='lat' dir='ltr'>accipienda</span> 
     </span>
     <span class='ocr_line' id='line_1_23' title="bbox 110 1485 1472 1544; baseline -0.001 -13"><span class='ocrx_word' id='word_1_156' title='bbox 110 1491 157 1531; x_wconf 64' lang='lat' dir='ltr'>ot</span> <span class='ocrx_word' id='word_1_157' title='bbox 181 1485 522 1544; x_wconf 70' lang='lat' dir='ltr'>&lt;interpretanda</span> <span class='ocrx_word' id='word_1_158' title='bbox 554 1487 628 1542; x_wconf 86' lang='lat' dir='ltr'>sit,</span> <span class='ocrx_word' id='word_1_159' title='bbox 661 1487 735 1543; x_wconf 88' lang='lat' dir='ltr'>qui</span> <span class='ocrx_word' id='word_1_160' title='bbox 765 1487 995 1530; x_wconf 86' lang='lat' dir='ltr'>universae</span> <span class='ocrx_word' id='word_1_161' title='bbox 1027 1485 1336 1544; x_wconf 82' lang='lat' dir='ltr'>disputationis</span> <span class='ocrx_word' id='word_1_162' title='bbox 1369 1486 1472 1532; x_wconf 86' lang='lat' dir='ltr'>arti-</span> 
     </span>
     <span class='ocr_line' id='line_1_24' title="bbox 109 1542 1469 1603; baseline -0.002 -14"><span class='ocrx_word' id='word_1_163' title='bbox 109 1542 257 1589; x_wconf 75' lang='lat' dir='ltr'>ficium</span> <span class='ocrx_word' id='word_1_164' title='bbox 293 1544 430 1603; x_wconf 86' lang='lat' dir='ltr'>probe</span> <span class='ocrx_word' id='word_1_165' title='bbox 469 1545 798 1602; x_wconf 79' lang='lat' dir='ltr'>perspexerint,</span> <span class='ocrx_word' id='word_1_166' title='bbox 839 1550 956 1587; x_wconf 87' lang='lat' dir='ltr'>certe</span> <span class='ocrx_word' id='word_1_167' title='bbox 986 1544 1160 1587; x_wconf 89' lang='lat' dir='ltr'>minime</span> <span class='ocrx_word' id='word_1_168' title='bbox 1190 1543 1469 1587; x_wconf 87' lang='lat' dir='ltr'>dubitabunt.</span> 
     </span>
     <span class='ocr_line' id='line_1_25' title="bbox 108 1595 1470 1660; baseline -0.002 -14"><span class='ocrx_word' id='word_1_169' title='bbox 108 1595 389 1656; x_wconf 55' lang='lat' dir='ltr'>Sdaeoeenim</span> <span class='ocrx_word' id='word_1_170' title='bbox 425 1607 559 1658; x_wconf 88' lang='lat' dir='ltr'>atque</span> <span class='ocrx_word' id='word_1_171' title='bbox 591 1602 825 1660; x_wconf 48' lang='lat' dir='ltr'>‘eleganter</span> <span class='ocrx_word' id='word_1_172' title='bbox 873 1602 959 1645; x_wconf 84' lang='lat' dir='ltr'>isto</span> <span class='ocrx_word' id='word_1_173' title='bbox 999 1601 1130 1644; x_wconf 88' lang='lat' dir='ltr'>modo</span> <span class='ocrx_word' id='word_1_174' title='bbox 1178 1601 1470 1656; x_wconf 72' lang='lat' dir='ltr'>sionifioatur,</span> 
     </span>
     <span class='ocr_line' id='line_1_26' title="bbox 107 1657 1472 1705; baseline -0.001 -3"><span class='ocrx_word' id='word_1_175' title='bbox 107 1657 409 1705; x_wconf 63' lang='lat' dir='ltr'>fortitudinem</span> <span class='ocrx_word' id='word_1_176' title='bbox 446 1674 546 1703; x_wconf 86' lang='lat' dir='ltr'>cum</span> <span class='ocrx_word' id='word_1_177' title='bbox 582 1659 788 1703; x_wconf 85' lang='lat' dir='ltr'>universa</span> <span class='ocrx_word' id='word_1_178' title='bbox 831 1659 993 1703; x_wconf 87' lang='lat' dir='ltr'>virtute</span> <span class='ocrx_word' id='word_1_179' title='bbox 1024 1658 1132 1705; x_wconf 89' lang='lat' dir='ltr'>illud</span> <span class='ocrx_word' id='word_1_180' title='bbox 1162 1658 1219 1702; x_wconf 90' lang='lat' dir='ltr'>ha</span> <span class='ocrx_word' id='word_1_181' title='bbox 1251 1674 1322 1702; x_wconf 90' lang='lat' dir='ltr'>ere</span> <span class='ocrx_word' id='word_1_182' title='bbox 1352 1674 1472 1702; x_wconf 88' lang='lat' dir='ltr'>com-</span> 
     </span>
     <span class='ocr_line' id='line_1_27' title="bbox 101 1714 1470 1773; baseline 0 -13"><span class='ocrx_word' id='word_1_183' title='bbox 101 1714 277 1773; x_wconf 55' lang='lat' dir='ltr'>mune,</span> <span class='ocrx_word' id='word_1_184' title='bbox 298 1715 421 1772; x_wconf 81' lang='lat' dir='ltr'>qued</span> <span class='ocrx_word' id='word_1_185' title='bbox 460 1716 637 1760; x_wconf 86' lang='lat' dir='ltr'>omnino</span> <span class='ocrx_word' id='word_1_186' title='bbox 679 1717 862 1760; x_wconf 87' lang='lat' dir='ltr'>scientia</span> <span class='ocrx_word' id='word_1_187' title='bbox 909 1723 1132 1773; x_wconf 88' lang='lat' dir='ltr'>tamquam</span> <span class='ocrx_word' id='word_1_188' title='bbox 1182 1716 1470 1760; x_wconf 83' lang='lat' dir='ltr'>fundamento</span> 
     </span>
     <span class='ocr_line' id='line_1_28' title="bbox 98 1773 1472 1840; baseline -0.001 -23"><span class='ocrx_word' id='word_1_189' title='bbox 98 1773 315 1840; x_wconf 18' lang='lat' dir='ltr'>,phanio</span> <span class='ocrx_word' id='word_1_190' title='bbox 332 1774 507 1820; x_wconf 75' lang='lat' dir='ltr'>-nitamr</span> <span class='ocrx_word' id='word_1_191' title='bbox 536 1789 676 1831; x_wconf 86' lang='lat' dir='ltr'>eaque</span> <span class='ocrx_word' id='word_1_192' title='bbox 705 1790 794 1817; x_wconf 77' lang='lat' dir='ltr'>una</span> <span class='ocrx_word' id='word_1_193' title='bbox 813 1774 999 1817; x_wconf 81' lang='lat' dir='ltr'>maxime</span> <span class='ocrx_word' id='word_1_194' title='bbox 1019 1774 1309 1818; x_wconf 88' lang='lat' dir='ltr'>contineatur.</span> <span class='ocrx_word' id='word_1_195' title='bbox 1368 1773 1472 1816; x_wconf 84' lang='lat' dir='ltr'>Hoc</span> 
     </span>
     <span class='ocr_line' id='line_1_29' title="bbox 106 1830 1470 1889; baseline -0.001 -15"><span class='ocrx_word' id='word_1_196' title='bbox 106 1839 251 1889; x_wconf 64' lang='lat' dir='ltr'>ipsum</span> <span class='ocrx_word' id='word_1_197' title='bbox 276 1846 391 1875; x_wconf 64' lang='lat' dir='ltr'>,vero</span> <span class='ocrx_word' id='word_1_198' title='bbox 433 1831 566 1874; x_wconf 84' lang='lat' dir='ltr'>etiam</span> <span class='ocrx_word' id='word_1_199' title='bbox 603 1832 649 1874; x_wconf 91' lang='lat' dir='ltr'>in</span> <span class='ocrx_word' id='word_1_200' title='bbox 678 1832 925 1889; x_wconf 83' lang='lat' dir='ltr'>Protagora</span> <span class='ocrx_word' id='word_1_201' title='bbox 964 1831 1236 1874; x_wconf 87' lang='lat' dir='ltr'>meminimus</span> <span class='ocrx_word' id='word_1_202' title='bbox 1263 1831 1325 1873; x_wconf 89' lang='lat' dir='ltr'>ita</span> <span class='ocrx_word' id='word_1_203' title='bbox 1354 1830 1470 1872; x_wconf 90' lang='lat' dir='ltr'>indi-</span> 
     </span>
     <span class='ocr_line' id='line_1_30' title="bbox 107 1887 1471 1944; baseline -0.001 -13"><span class='ocrx_word' id='word_1_204' title='bbox 107 1889 222 1943; x_wconf 73' lang='lat' dir='ltr'>eui,</span> <span class='ocrx_word' id='word_1_205' title='bbox 269 1894 320 1931; x_wconf 88' lang='lat' dir='ltr'>ut</span> <span class='ocrx_word' id='word_1_206' title='bbox 350 1888 412 1931; x_wconf 92' lang='lat' dir='ltr'>ibi</span> <span class='ocrx_word' id='word_1_207' title='bbox 442 1903 495 1930; x_wconf 84' lang='lat' dir='ltr'>ea</span> <span class='ocrx_word' id='word_1_208' title='bbox 524 1887 578 1930; x_wconf 88' lang='lat' dir='ltr'>de</span> <span class='ocrx_word' id='word_1_209' title='bbox 609 1903 654 1930; x_wconf 91' lang='lat' dir='ltr'>re</span> <span class='ocrx_word' id='word_1_210' title='bbox 684 1888 729 1930; x_wconf 90' lang='lat' dir='ltr'>in</span> <span class='ocrx_word' id='word_1_211' title='bbox 760 1896 987 1943; x_wconf 88' lang='lat' dir='ltr'>utramque</span> <span class='ocrx_word' id='word_1_212' title='bbox 1019 1895 1187 1943; x_wconf 89' lang='lat' dir='ltr'>partem</span> <span class='ocrx_word' id='word_1_213' title='bbox 1218 1887 1471 1944; x_wconf 88' lang='lat' dir='ltr'>disputetur</span> 
     </span>
     <span class='ocr_line' id='line_1_31' title="bbox 107 1942 1470 2004; baseline -0.001 -16"><span class='ocrx_word' id='word_1_214' title='bbox 107 1942 296 2004; x_wconf 75' lang='lat' dir='ltr'>ideoque</span> <span class='ocrx_word' id='word_1_215' title='bbox 322 1950 445 1988; x_wconf 77' lang='lat' dir='ltr'>totus</span> <span class='ocrx_word' id='word_1_216' title='bbox 473 1943 544 1987; x_wconf 91' lang='lat' dir='ltr'>hic</span> <span class='ocrx_word' id='word_1_217' title='bbox 566 1944 694 1988; x_wconf 58' lang='lat' dir='ltr'>,locus</span> <span class='ocrx_word' id='word_1_218' title='bbox 729 1944 958 1988; x_wconf 84' lang='lat' dir='ltr'>dialectice</span> <span class='ocrx_word' id='word_1_219' title='bbox 987 1945 1309 2002; x_wconf 84' lang='lat' dir='ltr'>pervestigetur</span> <span class='ocrx_word' id='word_1_220' title='bbox 1338 1959 1470 1988; x_wconf 88' lang='lat' dir='ltr'>accu-</span> 
     </span>
     <span class='ocr_line' id='line_1_32' title="bbox 105 2000 1471 2059; baseline 0 -15"><span class='ocrx_word' id='word_1_221' title='bbox 105 2001 258 2045; x_wconf 60' lang='lat' dir='ltr'>rnfl’n.</span> <span class='ocrx_word' id='word_1_222' title='bbox 315 2001 371 2045; x_wconf 89' lang='lat' dir='ltr'>In</span> <span class='ocrx_word' id='word_1_223' title='bbox 399 2016 487 2058; x_wconf 91' lang='lat' dir='ltr'>qno</span> <span class='ocrx_word' id='word_1_224' title='bbox 518 2017 729 2059; x_wconf 84' lang='lat' dir='ltr'>perquam</span> <span class='ocrx_word' id='word_1_225' title='bbox 767 2002 1048 2045; x_wconf 87' lang='lat' dir='ltr'>memorabile</span> <span class='ocrx_word' id='word_1_226' title='bbox 1078 2002 1188 2045; x_wconf 87' lang='lat' dir='ltr'>illud</span> <span class='ocrx_word' id='word_1_227' title='bbox 1214 2008 1306 2056; x_wconf 87' lang='lat' dir='ltr'>est,</span> <span class='ocrx_word' id='word_1_228' title='bbox 1350 2000 1471 2057; x_wconf 93' lang='lat' dir='ltr'>quod</span> 
     </span>
     <span class='ocr_line' id='line_1_33' title="bbox 105 2057 1471 2116; baseline -0.001 -13"><span class='ocrx_word' id='word_1_229' title='bbox 105 2057 278 2103; x_wconf 58' lang='lat' dir='ltr'>imbue</span> <span class='ocrx_word' id='word_1_230' title='bbox 326 2058 504 2116; x_wconf 80' lang='lat' dir='ltr'>dialogo</span> <span class='ocrx_word' id='word_1_231' title='bbox 526 2060 678 2101; x_wconf 74' lang='lat' dir='ltr'>&#39;unius</span> <span class='ocrx_word' id='word_1_232' title='bbox 730 2059 915 2101; x_wconf 86' lang='lat' dir='ltr'>maxime</span> <span class='ocrx_word' id='word_1_233' title='bbox 965 2058 1341 2102; x_wconf 83' lang='lat' dir='ltr'>fortitudinis</span> <span class='ocrx_word' id='word_1_234' title='bbox 1396 2075 1471 2101; x_wconf 86' lang='lat' dir='ltr'>ex-</span> 
     </span>
     <span class='ocr_line' id='line_1_34' title="bbox 104 2114 1472 2174; baseline -0.001 -14"><span class='ocrx_word' id='word_1_235' title='bbox 104 2114 252 2174; x_wconf 71' lang='lat' dir='ltr'>emplo</span> <span class='ocrx_word' id='word_1_236' title='bbox 295 2115 568 2166; x_wconf 81' lang='lat' dir='ltr'>declaratur,</span> <span class='ocrx_word' id='word_1_237' title='bbox 605 2116 811 2159; x_wconf 83' lang='lat' dir='ltr'>virtutem</span> <span class='ocrx_word' id='word_1_238' title='bbox 847 2131 1017 2159; x_wconf 90' lang='lat' dir='ltr'>omnem</span> <span class='ocrx_word' id='word_1_239' title='bbox 1058 2116 1245 2172; x_wconf 90' lang='lat' dir='ltr'>denique</span> <span class='ocrx_word' id='word_1_240' title='bbox 1287 2116 1472 2159; x_wconf 87' lang='lat' dir='ltr'>scientia</span> 
     </span>
     <span class='ocr_line' id='line_1_35' title="bbox 107 2173 1471 2231; baseline -0.001 -14"><span class='ocrx_word' id='word_1_241' title='bbox 107 2174 357 2220; x_wconf 56' lang='lat' dir='ltr'>contentam</span> <span class='ocrx_word' id='word_1_242' title='bbox 381 2189 493 2229; x_wconf 84' lang='lat' dir='ltr'>esse,</span> <span class='ocrx_word' id='word_1_243' title='bbox 526 2179 576 2216; x_wconf 89' lang='lat' dir='ltr'>ut</span> <span class='ocrx_word' id='word_1_244' title='bbox 606 2189 745 2230; x_wconf 88' lang='lat' dir='ltr'>prope</span> <span class='ocrx_word' id='word_1_245' title='bbox 776 2173 991 2230; x_wconf 87' lang='lat' dir='ltr'>suspicari</span> <span class='ocrx_word' id='word_1_246' title='bbox 1009 2173 1140 2217; x_wconf 86' lang='lat' dir='ltr'>liceat</span> <span class='ocrx_word' id='word_1_247' title='bbox 1161 2173 1471 2231; x_wconf 88' lang='lat' dir='ltr'>philosophum</span> 
     </span>
     <span class='ocr_line' id='line_1_36' title="bbox 107 2230 1470 2289; baseline -0.001 -15"><span class='ocrx_word' id='word_1_248' title='bbox 107 2244 261 2275; x_wconf 72' lang='lat' dir='ltr'>rursus</span> <span class='ocrx_word' id='word_1_249' title='bbox 298 2231 361 2275; x_wconf 85' lang='lat' dir='ltr'>ibi</span> <span class='ocrx_word' id='word_1_250' title='bbox 398 2230 444 2274; x_wconf 90' lang='lat' dir='ltr'>id</span> <span class='ocrx_word' id='word_1_251' title='bbox 483 2231 655 2289; x_wconf 85' lang='lat' dir='ltr'>egisse,</span> <span class='ocrx_word' id='word_1_252' title='bbox 695 2239 744 2274; x_wconf 88' lang='lat' dir='ltr'>ut</span> <span class='ocrx_word' id='word_1_253' title='bbox 783 2246 893 2287; x_wconf 89' lang='lat' dir='ltr'>quae</span> <span class='ocrx_word' id='word_1_254' title='bbox 924 2231 969 2273; x_wconf 91' lang='lat' dir='ltr'>in</span> <span class='ocrx_word' id='word_1_255' title='bbox 999 2231 1195 2276; x_wconf 87' lang='lat' dir='ltr'>Lachete</span> <span class='ocrx_word' id='word_1_256' title='bbox 1226 2230 1280 2274; x_wconf 87' lang='lat' dir='ltr'>de</span> <span class='ocrx_word' id='word_1_257' title='bbox 1311 2230 1394 2274; x_wconf 91' lang='lat' dir='ltr'>hac</span> <span class='ocrx_word' id='word_1_258' title='bbox 1422 2246 1470 2273; x_wconf 89' lang='lat' dir='ltr'>re</span> 
     </span>
     <span class='ocr_line' id='line_1_37' title="bbox 106 2287 1470 2346; baseline -0.001 -14"><span class='ocrx_word' id='word_1_259' title='bbox 106 2287 284 2332; x_wconf 64' lang='lat' dir='ltr'>brevius</span> <span class='ocrx_word' id='word_1_260' title='bbox 330 2294 376 2332; x_wconf 84' lang='lat' dir='ltr'>et</span> <span class='ocrx_word' id='word_1_261' title='bbox 414 2288 644 2332; x_wconf 87' lang='lat' dir='ltr'>obscurius</span> <span class='ocrx_word' id='word_1_262' title='bbox 672 2287 980 2343; x_wconf 86' lang='lat' dir='ltr'>indicavisset,</span> <span class='ocrx_word' id='word_1_263' title='bbox 1019 2287 1254 2346; x_wconf 89' lang='lat' dir='ltr'>aliquando</span> <span class='ocrx_word' id='word_1_264' title='bbox 1286 2288 1470 2331; x_wconf 87' lang='lat' dir='ltr'>clariore</span> 
     </span>
     <span class='ocr_line' id='line_1_38' title="bbox 105 2344 1469 2404; baseline 0 -16"><span class='ocrx_word' id='word_1_265' title='bbox 105 2345 204 2389; x_wconf 78' lang='lat' dir='ltr'>luce</span> <span class='ocrx_word' id='word_1_266' title='bbox 276 2345 619 2389; x_wconf 69' lang='lat' dir='ltr'>effunderentur.</span> <span class='ocrx_word' id='word_1_267' title='bbox 691 2345 762 2389; x_wconf 92' lang='lat' dir='ltr'>De</span> <span class='ocrx_word' id='word_1_268' title='bbox 801 2361 886 2401; x_wconf 90' lang='lat' dir='ltr'>qua</span> <span class='ocrx_word' id='word_1_269' title='bbox 927 2361 976 2388; x_wconf 89' lang='lat' dir='ltr'>re</span> <span class='ocrx_word' id='word_1_270' title='bbox 1009 2363 1051 2389; x_wconf 87' lang='lat' dir='ltr'>v.</span> <span class='ocrx_word' id='word_1_271' title='bbox 1084 2347 1317 2404; x_wconf 88' lang='lat' dir='ltr'>Protagor.</span> <span class='ocrx_word' id='word_1_272' title='bbox 1355 2344 1469 2402; x_wconf 88' lang='lat' dir='ltr'>Cap.</span> 
     </span>
     <span class='ocr_line' id='line_1_39' title="bbox 105 2360 1470 2460; baseline -0.001 -14"><span class='ocrx_word' id='word_1_273' title='bbox 105 2360 336 2446; x_wconf 44' lang='lat' dir='ltr'><strong>XXXRV.</strong></span> <span class='ocrx_word' id='word_1_274' title='bbox 374 2418 418 2460; x_wconf 90' lang='lat' dir='ltr'>p.</span> <span class='ocrx_word' id='word_1_275' title='bbox 455 2404 554 2447; x_wconf 86' lang='lat'>350.</span> <span class='ocrx_word' id='word_1_276' title='bbox 592 2403 632 2446; x_wconf 94' lang='grc' dir='ltr'>Β</span> <span class='ocrx_word' id='word_1_277' title='bbox 671 2418 767 2459; x_wconf 88' lang='lat' dir='ltr'>sqq.</span> <span class='ocrx_word' id='word_1_278' title='bbox 798 2428 854 2435; x_wconf 89' lang='lat'>—</span> <span class='ocrx_word' id='word_1_279' title='bbox 894 2405 994 2446; x_wconf 85' lang='lat'><strong>360.</strong></span> <span class='ocrx_word' id='word_1_280' title='bbox 1036 2403 1094 2446; x_wconf 92' lang='lat' dir='ltr'>D.</span> <span class='ocrx_word' id='word_1_281' title='bbox 1175 2403 1342 2446; x_wconf 88' lang='lat' dir='ltr'>Verum</span> <span class='ocrx_word' id='word_1_282' title='bbox 1381 2402 1470 2446; x_wconf 88' lang='lat' dir='ltr'>hoc</span> 
     </span>
     <span class='ocr_line' id='line_1_40' title="bbox 107 2459 1469 2519; baseline -0.001 -15"><span class='ocrx_word' id='word_1_283' title='bbox 107 2459 284 2517; x_wconf 82' lang='lat' dir='ltr'>quidem</span> <span class='ocrx_word' id='word_1_284' title='bbox 323 2465 423 2503; x_wconf 85' lang='lat' dir='ltr'>utut</span> <span class='ocrx_word' id='word_1_285' title='bbox 463 2467 552 2516; x_wconf 80' lang='lat' dir='ltr'>est,</span> <span class='ocrx_word' id='word_1_286' title='bbox 590 2460 701 2504; x_wconf 89' lang='lat' dir='ltr'>illud</span> <span class='ocrx_word' id='word_1_287' title='bbox 731 2467 848 2504; x_wconf 87' lang='lat' dir='ltr'>certe</span> <span class='ocrx_word' id='word_1_288' title='bbox 877 2459 980 2504; x_wconf 91' lang='lat' dir='ltr'>inde</span> <span class='ocrx_word' id='word_1_289' title='bbox 1009 2461 1292 2519; x_wconf 86' lang='lat' dir='ltr'>cognoscitur</span> <span class='ocrx_word' id='word_1_290' title='bbox 1321 2460 1469 2504; x_wconf 86' lang='lat' dir='ltr'>claris-</span> 
     </span>
     <span class='ocr_line' id='line_1_41' title="bbox 106 2517 1468 2577; baseline -0.002 -16"><span class='ocrx_word' id='word_1_291' title='bbox 106 2517 230 2573; x_wconf 74' lang='lat' dir='ltr'>sime,</span> <span class='ocrx_word' id='word_1_292' title='bbox 262 2517 514 2560; x_wconf 86' lang='lat' dir='ltr'>interiorem</span> <span class='ocrx_word' id='word_1_293' title='bbox 542 2518 762 2574; x_wconf 87' lang='lat' dir='ltr'>quandam</span> <span class='ocrx_word' id='word_1_294' title='bbox 794 2518 908 2561; x_wconf 90' lang='lat' dir='ltr'>inter</span> <span class='ocrx_word' id='word_1_295' title='bbox 926 2518 1214 2577; x_wconf 86' lang='lat' dir='ltr'>Protagoram</span> <span class='ocrx_word' id='word_1_296' title='bbox 1235 2524 1279 2561; x_wconf 92' lang='lat' dir='ltr'>et</span> <span class='ocrx_word' id='word_1_297' title='bbox 1297 2517 1468 2560; x_wconf 84' lang='lat' dir='ltr'>Lache-</span> 
     </span>
    </p>
   </div>
   <div class='ocr_carea' id='block_1_3' title="bbox 9 2567 1466 2619">
    <p class='ocr_par' dir='ltr' id='par_1_4' title="bbox 9 2567 1466 2619">
     <span class='ocr_line' id='line_1_42' title="bbox 9 2567 1466 2619; baseline -0.001 -1"><span class='ocrx_word' id='word_1_298' title='bbox 9 2567 18 2603; x_wconf 40' lang='grc' dir='ltr'>ι’</span> <span class='ocrx_word' id='word_1_299' title='bbox 54 2602 56 2605; x_wconf 40' lang='lat' dir='ltr'>v</span> <span class='ocrx_word' id='word_1_300' title='bbox 106 2581 202 2618; x_wconf 7' lang='lat' dir='ltr'>tem,</span> <span class='ocrx_word' id='word_1_301' title='bbox 253 2573 524 2618; x_wconf 87' lang='lat' dir='ltr'>intercedere</span> <span class='ocrx_word' id='word_1_302' title='bbox 591 2574 957 2619; x_wconf 85' lang='lat' dir='ltr'>necessitudinem</span> <span class='ocrx_word' id='word_1_303' title='bbox 1016 2581 1060 2618; x_wconf 89' lang='lat' dir='ltr'>et</span> <span class='ocrx_word' id='word_1_304' title='bbox 1105 2576 1466 2619; x_wconf 83' lang='lat' dir='ltr'>coniunctionem.</span> 
     </span>
    </p>
   </div>
   <div class='ocr_carea' id='block_1_4' title="bbox 108 2631 1467 2812">
    <p class='ocr_par' dir='ltr' id='par_1_5' title="bbox 108 2631 1467 2812">
     <span class='ocr_line' id='line_1_43' title="bbox 110 2631 1466 2688; baseline -0.001 -13"><span class='ocrx_word' id='word_1_305' title='bbox 110 2631 245 2687; x_wconf 81' lang='lat' dir='ltr'>Quod</span> <span class='ocrx_word' id='word_1_306' title='bbox 283 2647 386 2675; x_wconf 84' lang='lat' dir='ltr'>vero</span> <span class='ocrx_word' id='word_1_307' title='bbox 430 2632 475 2674; x_wconf 92' lang='lat' dir='ltr'>in</span> <span class='ocrx_word' id='word_1_308' title='bbox 520 2633 639 2676; x_wconf 80' lang='lat' dir='ltr'>exitu</span> <span class='ocrx_word' id='word_1_309' title='bbox 668 2633 768 2676; x_wconf 89' lang='lat' dir='ltr'>libri</span> <span class='ocrx_word' id='word_1_310' title='bbox 798 2632 954 2675; x_wconf 84' lang='lat' dir='ltr'>callide</span> <span class='ocrx_word' id='word_1_311' title='bbox 984 2634 1208 2687; x_wconf 84' lang='lat' dir='ltr'>reticetur,</span> <span class='ocrx_word' id='word_1_312' title='bbox 1245 2638 1466 2688; x_wconf 87' lang='lat' dir='ltr'>quatenus</span> 
     </span>
     <span class='ocr_line' id='line_1_44' title="bbox 110 2687 1467 2746; baseline -0.002 -13"><span class='ocrx_word' id='word_1_313' title='bbox 110 2688 240 2733; x_wconf 59' lang='lat' dir='ltr'>eninm</span> <span class='ocrx_word' id='word_1_314' title='bbox 281 2688 497 2733; x_wconf 70' lang='lat' dir='ltr'>fortitudo</span> <span class='ocrx_word' id='word_1_315' title='bbox 533 2690 719 2734; x_wconf 67' lang='lat' dir='ltr'>⁴scientia</span> <span class='ocrx_word' id='word_1_316' title='bbox 748 2689 935 2734; x_wconf 89' lang='lat' dir='ltr'>dicenda</span> <span class='ocrx_word' id='word_1_317' title='bbox 962 2691 1044 2746; x_wconf 90' lang='lat' dir='ltr'>sit,</span> <span class='ocrx_word' id='word_1_318' title='bbox 1079 2690 1124 2735; x_wconf 86' lang='lat' dir='ltr'>id</span> <span class='ocrx_word' id='word_1_319' title='bbox 1153 2691 1258 2734; x_wconf 88' lang='lat' dir='ltr'>licet</span> <span class='ocrx_word' id='word_1_320' title='bbox 1286 2687 1343 2731; x_wconf 86' lang='lat' dir='ltr'>ad</span> <span class='ocrx_word' id='word_1_321' title='bbox 1368 2703 1467 2746; x_wconf 89' lang='lat' dir='ltr'>per-</span> 
     </span>
     <span class='ocr_line' id='line_1_45' title="bbox 108 2745 1466 2812; baseline -0.002 -21"><span class='ocrx_word' id='word_1_322' title='bbox 108 2745 371 2791; x_wconf 78' lang='lat' dir='ltr'>turbandum</span> <span class='ocrx_word' id='word_1_323' title='bbox 422 2747 597 2791; x_wconf 86' lang='lat' dir='ltr'>Niciam</span> <span class='ocrx_word' id='word_1_324' title='bbox 634 2748 694 2792; x_wconf 83' lang='lat' dir='ltr'>sit</span> <span class='ocrx_word' id='word_1_325' title='bbox 731 2753 1053 2805; x_wconf 83' lang='lat' dir='ltr'>comparatum,</span> <span class='ocrx_word' id='word_1_326' title='bbox 1077 2754 1243 2812; x_wconf 16' lang='lat' dir='ltr'>‘tamen</span> <span class='ocrx_word' id='word_1_327' title='bbox 1272 2745 1466 2804; x_wconf 84' lang='lat' dir='ltr'>legentes</span> 
     </span>
    </p>
   </div>
  </div>
 </body>
</html>
