1742 2970
519 205 930 250 ALCIBIADEM
961 206 997 248 1.
1362 209 1440 250 197

35 329 39 332 ⁴
70 321 180 366 haec
209 321 489 364 Alcibiades:
545 322 646 364 Hoc
687 323 830 379 ipsum
868 338 951 380 ego
995 334 1037 364 te
1070 323 1272 365 volebam
1305 323 1439 366 inter-

39 421 41 423 .
72 393 244 436 rogare,
276 378 394 436 quid'
413 377 592 422 taudem
623 393 806 436 sperans
838 385 969 435 atque
1010 379 1214 436 cogitans
1244 395 1313 422 me
1342 396 1440 437 per-

31 462 35 466 ·
69 442 206 495 petuo
244 435 535 492 secterizffita
560 442 637 491 ut,
667 437 920 492 ubicunque
947 451 1123 491 versor,
1163 437 1225 480 ibi
1254 444 1304 480 tu
1332 454 1441 494 quo-

37 536 55 548 ,
74 508 159 549 que
189 504 459 553 compareas.
519 492 606 536 Cui
636 492 864 536 Socrates:
913 492 1064 548 Quum
1095 509 1199 552 ergo
1222 494 1308 538 hoc
1327 496 1439 538 scire

33 579 38 610 .·
73 565 221 605 aveas,
251 549 440 607 facilem,
472 550 643 607 opinor,
675 550 781 592 mihi
811 550 976 593 dicenti
1000 551 1235 608 praebebis
1266 567 1437 604 aurem3

0 649 1 662 ¹
31 646 34 649 .
74 620 339 673 quamquam
367 622 450 665 ego
481 606 851 662 quemadmodum
880 623 1012 662 aegre
1042 607 1160 651 hunc
1192 623 1439 652 sermonem

30 680 41 729 3
72 665 470 722 institm,itaaegre
489 663 663 708 dicendi
678 665 811 707 finem
828 665 1060 708 inveniam.
1093 664 1275 708 Dudum
1292 672 1439 708 autem

30 731 39 762 3
74 735 198 765 meus
224 736 333 780 erga
361 729 404 764 te
435 737 558 764 amor
586 722 856 778 evanuisset,
888 722 927 765 si
957 729 1002 765 te
1041 723 1095 765 iis
1126 722 1278 778 bonis,
1323 737 1437 778 quae

73 777 204 822 modo
251 779 618 834 commemoravi,
671 780 952 835 acquiescere
1002 779 1222 823 vidissem.
1304 779 1439 823 Nunc

10 850 39 886 f
72 840 261 879 vero'te
300 836 437 878 multo
475 837 641 879 maiora
680 842 882 894 spectare
927 843 1059 893 atque
1102 838 1300 894 cogitare
1329 837 1439 880 scio.

71 890 314 939 Existimas
356 893 474 936 enim
510 899 579 948 te,
607 893 882 949 simulatque
925 895 1056 937 rebus
1087 894 1275 951 publicis
1305 894 1439 936 inter-

24 1002 34 1017 ,⁷
72 962 170 994 esee
198 964 350 1006 queas,
378 949 426 992 id
444 950 565 1006 quod
583 951 705 993 brevi
729 951 926 994 futurum
946 957 1028 1005 est,
1059 960 1272 1008 protenus
1301 949 1440 993 Athe-

72 1007 299 1050 niensibus
340 1006 763 1063 demonstraturum,
805 1009 982 1064 quantis
1011 1007 1251 1051 honoribus
1282 1006 1439 1064 dignus

74 1065 152 1120 sis,
176 1062 374 1121 ideoque.
398 1079 499 1108 mox
531 1064 590 1107 ad
624 1071 794 1108 tantum
832 1066 1058 1122 potentiae
1090 1071 1133 1107 et
1163 1065 1440 1107 auctoritatis

73 1121 298 1182 fastigium
336 1123 642 1177 escensurum,
682 1129 732 1164 ut
768 1137 856 1165 non
895 1121 1027 1164 modo
1067 1122 1182 1163 inter
1222 1119 1438 1175 Graecos,

73 1177 154 1222 'sed
183 1178 315 1221 etiam
343 1178 460 1221 inter
486 1178 715 1234 barbaros,
749 1178 947 1235 adeoque
969 1194 1047 1235 per
1068 1179 1322 1221 universum
1352 1184 1439 1221 ter-

23 1246 34 1265 *
72 1248 233 1280 ranam&
251 1235 409 1280 >orbem
438 1235 613 1281 futurus
642 1236 701 1280 sis
741 1236 872 1294 longe
905 1235 1285 1278 celebratissimus.
1344 1234 1440 1277 Iam

74 1292 113 1345 'ci
140 1292 345 1350 quaeris,
385 1307 467 1336 cur
506 1308 589 1351 ego
629 1299 674 1336 te
702 1299 792 1336 tam
821 1293 911 1334 alta
939 1298 1213 1349 spectantem
1242 1307 1332 1334 non
1363 1290 1440 1334 de-

7 1379 38 1409 5
78 1365 242 1410 seram,
286 1364 466 1394 causam
504 1350 568 1394 rei
609 1366 780 1393 omnem
820 1349 900 1392 tibi
938 1349 1131 1406 aperiam
1168 1348 1357 1391 candide
1397 1355 1442 1391 et

21 1427 33 1466 s
74 1409 285 1467 ingenue:
345 1406 464 1450 Puto
507 1407 621 1451 enim
661 1414 714 1450 te'
753 1407 874 1450 sine
912 1422 1029 1449 meo
1071 1405 1288 1448 auxilio
1331 1421 1436 1448 non

76 1468 241 1527 §csse
275 1476 368 1519 eo,
409 1479 514 1520 quo
543 1463 764 1519 tendis,
807 1464 1133 1520 pervenire,
1175 1478 1314 1519 eaque
1344 1463 1441 1520 ipsa

16 1538 30 1569 2
60 1535 207 1572 eausa
234 1527 323 1577 est,
357 1535 436 1565 cur
465 1521 574 1564 deus
617 1521 725 1564 mihi
763 1536 881 1564 nunc
912 1520 1088 1564 demum
1115 1535 1266 1563 rursus
1295 1526 1442 1562 tecum

19 1581 34 1637 ζ
71 1574 268 1636 colloqui
306 1578 587 1623 concesserit.
655 1578 773 1621 Nam
811 1594 947 1634 quum
977 1592 1098 1621 esses
1129 1582 1275 1619 aetate
1305 1576 1442 1620 imbe-

77 1635 240 1693 cillior,
280 1634 519 1680 verendum
547 1650 653 1678 sane
693 1635 800 1690 suit,
851 1651 907 1678 ne
938 1649 1168 1678 sermones
1206 1633 1292 1676 mei
1330 1633 1443 1676 irriti

18 1702 38 1741 ὲ
77 1694 227 1739 essent
259 1707 560 1751 prosperoque
599 1698 760 1736 eventu
801 1698 1021 1744 carerent;
1061 1706 1178 1734 nunc
1208 1696 1356 1733 autem
1385 1690 1443 1732 ad

77 1750 145 1799 idj
161 1751 338 1803 aetatis*
362 1750 628 1817 pervenisti,
671 1755 720 1792 ut
756 1765 845 1792 non
886 1749 1050 1792 frustra
1086 1748 1336 1791 institutum
1389 1747 1444 1789 iri

27 1820 32 1828 ’
78 1809 178 1859 hcc-
193 1807 462 1867 colloquium
489 1822 667 1864 sperare
696 1806 828 1849 liceat
857 1807 912 1862 ¹⁸¹).
971 1806 1056 1848 His
1077 1804 1240 1847 auditis
1264 1804 1443 1846 miratur

77 1856 358 1923 Alcibiades,
399 1863 521 1920 quod
561 1862 769 1907 Socrates
809 1862 1009 1917 dixerat,
1040 1861 1139 1904 fieri
1176 1876 1264 1904 non
1292 1874 1442 1917 posse,

78 1918 138 1977 ut
156 1920 254 1967 sine*
282 1921 424 1978 ipsius
455 1920 618 1964 auxilio
640 1919 825 1963 consilia
855 1935 936 1962 sua
951 1917 1196 1975 perficeret.
1257 1915 1343 1959 Cui
1371 1916 1444 1959 ille

80 1981 144 2024 ita
181 1976 418 2038 pollicetur
461 1993 508 2020 se
545 1976 677 2020 huius
718 1977 783 2020 rei
813 1991 990 2019 causam
1021 1974 1366 2032 explicaturum,
1408 1975 1446 2017 si

81 2035 190 2081 velit
225 2050 326 2085 cum
360 2034 459 2093 ipso
488 2033 716 2094 instituere
755 2049 999 2077 sermonem
1035 2031 1294 2090 longiorem.
1352 2029 1445 2072 Ita-

81 2092 168 2153 q'pe
197 2090 358 2139 dehinc
388 2090 558 2136 orditur
587 2090 877 2147 colloquium,
919 2090 990 2133 cui
1022 2089 1106 2132 hoc
1138 2095 1206 2131 est
1242 2088 1445 2145 proposi-

80 2143 198 2208 tum,
235 2161 287 2202 ut
321 2147 577 2202 Alcibiades
615 2164 760 2191 rerum
789 2147 1144 2206 gravissimarum
1174 2145 1446 2203 ignorantiae

83 2205 348 2266 'coarguatur
393 2211 438 2250 et
473 2204 530 2250 ad
569 2205 794 2248 meliorem
834 2204 903 2247 sui
952 2203 1246 2261 cognitionem
1285 2201 1448 2258 perdu-

83 2272 223 2318 catur.
278 2262 611 2310 Hoc-nimirum
640 2262 751 2306 illud
778 2263 924 2319 ipsum
953 2268 1021 2304 est
1051 2260 1286 2313 auxilium,
1329 2258 1451 2314 quod

85 2321 294 2382 Socrates
341 2317 531 2378 superbo
591 2327 635 2363 et
684 2319 798 2363 elato
848 2317 1176 2362 adolescentulo
1227 2322 1450 2374 praestare

83 2378 330 2437 constituit.
614 2392 617 2394 ’

146 2491 150 2498 ·
199 2467 286 2512 Est
314 2473 460 2510 autem
481 2479 657 2510 ‘summa
686 2466 900 2509 sermonis
921 2467 1010 2508 fere
1042 2466 1165 2508 haec.
1216 2465 1298 2507 Vis
1330 2478 1451 2521 ergo,

84 2543 115 2570 o
150 2527 294 2580 bone,
340 2523 484 2580 inquit
524 2522 753 2578 Socrates,
794 2523 915 2566 brevi
960 2530 1155 2580 tempore
1187 2522 1452 2579 reipublicae

89 2582 193 2628 dare
222 2588 401 2641 operam
433 2586 564 2636 atque
596 2580 726 2624 saluti
765 2581 956 2623 civitatis
988 2579 1229 2623 consulere.
1291 2577 1338 2621 Si
1372 2576 1453 2632 igi-

162 2787 198 2827 *)
223 2785 264 2818 P.
296 2778 358 2822 103
386 2804 426 2809 -
458 2784 530 2819 105.
558 2785 599 2815 E.
