1742 2970
529 212 1030 255 CRATJYLUS.
1429 213 1459 253 9

105 332 257 380 tendo,
286 332 379 384 quia
407 342 554 371 numen
583 334 651 368 est
680 333 816 369 tersae
848 333 891 370 et
919 333 1116 383 purgatae
1154 329 1302 370 mentis
1349 327 1402 384 (B
1413 341 1458 370 e·

104 388 506 443 senverstend),
559 387 668 427 unde
704 388 860 439 iupiter
915 388 965 427 ab
1019 399 1069 426 eo
1111 394 1175 427 est
1227 394 1459 440 generatus.

106 449 252 501 Neque
291 437 446 504 abfflit
490 440 693 500 Οὐράνου
731 457 902 494 nomen,
942 444 1049 497 quod
1079 447 1127 485 ὲκ
1158 444 1238 486 τοῦ
1268 441 1379 502 ὁρᾶν
1407 439 1464 488 τὰ

108 501 200 549 ἅνω
230 503 400 546 ductum·
421 502 591 543 videtur.
651 502 696 542 P.
727 503 824 544 390.
853 503 900 543 Ε.
931 525 988 534 -
1046 503 1142 544 396,
1173 502 1223 546 Α.

223 562 400 604 Miratur
434 561 502 601 hic
549 560 834 613 Hermogenes
876 559 1108 608 Socratem,
1157 561 1226 611 qui
1275 564 1466 611 tanquam

110 634 228 663 sacro
256 619 430 673 quodam
453 618 600 658 furore
631 624 847 672 correptus
876 618 972 658 talia
990 618 1134 659 fundat
1158 617 1332 659 oracula.
1390 618 1469 658 Cui

109 680 178 720 bic
204 677 429 730 respondet
455 689 616 716 causam
643 677 705 715 rei
731 677 771 716 in
802 688 851 716 eo
881 677 1055 729 positam
1077 688 1185 724 esse,
1215 675 1324 728 quod
1352 682 1471 715 mane

8 757 19 769 x
47 766 51 769 «
111 749 202 778 eum
246 733 544 789 Eutliyplirone
579 734 809 788 Prospaltio
839 740 1100 776 conversatus
1131 734 1209 782 sit,
1240 734 1308 786 qui
1337 733 1470 787 ipsum

113 794 259 847 spiritu
297 793 378 834 isto
419 797 607 843 tanquam
642 792 774 834 divino
822 791 966 833 affiatu
1009 791 1244 844 repleverit.
1315 791 1473 842 Quodsi

113 855 248 894 autem
277 849 456 899 accidat,
495 854 543 890 ut
579 851 621 889 in
659 850 979 902 pervestigandis
1008 849 1213 890 nominum
1249 849 1472 902 originibus

113 902 344 961 delinquat,
379 907 503 949 facile
539 920 586 948 se
614 909 944 959 impetraturum,
978 911 1024 949 ut
1052 908 1234 960 proximo
1265 903 1334 946 die
1357 920 1380 946 a
1409 919 1474 946 sa-

114 967 285 1008 cerdote
313 966 447 1016 aliquo
486 969 557 1004 aut
584 966 769 1018 sophista
799 965 1000 1006 lustretur
1030 971 1073 1005 et
1101 965 1300 1017 expietur.
1359 963 1477 1004 Nunc

114 1026 222 1065 enim
251 1023 480 1068 consultum
509 1023 587 1065 sibi
615 1023 741 1062 videri
771 1024 996 1065 institutam
1026 1023 1078 1062 de
1107 1022 1333 1064 nominibus
1352 1034 1478 1076 quae·

117 1083 292 1124 stionem
321 1081 553 1133 profligare.
613 1080 658 1124 P.
688 1081 786 1121 396.
822 1081 869 1121 B.

230 1139 445 1180 Mittamus
474 1137 612 1190 igitur,
641 1139 787 1189 inquit,
815 1139 978 1192 propria
996 1139 1203 1179 hominum
1234 1143 1278 1178 et
1307 1138 1479 1180 heroum

118 1197 304 1245 nomina,
345 1200 392 1236 ut
429 1207 601 1246 quorum
639 1209 785 1235 causae
815 1198 948 1235 variae
985 1202 1028 1236 et
1055 1195 1301 1247 multiplices
1330 1202 1480 1247 potue-

120 1258 218 1301 runt
254 1266 361 1296 esse.
429 1253 743 1293 Consideremus
779 1255 915 1305 potius
954 1267 1094 1293 earum
1130 1266 1266 1294 rernm
1305 1255 1482 1303 nomina,

123 1326 227 1365 quae
263 1324 428 1364 semper
465 1315 652 1353 coustant
693 1315 736 1351 et
775 1312 1038 1353 immutabilia
1066 1316 1181 1352 sunt:
1213 1324 1303 1350 nam
1332 1312 1412 1350 hoc
1441 1313 1484 1352 in

121 1383 275 1424 genere
310 1367 532 1412 verisimile
560 1373 634 1409 <est
681 1374 885 1410 nominum
937 1373 1127 1410 auctores
1172 1368 1486 1421 diligentissime

121 1432 304 1468 vei-satos
332 1439 438 1466 esse.
499 1425 714 1468 Ordiamur
745 1427 869 1479 igitur
897 1441 920 1467 a
950 1428 1038 1468 diis.
1097 1426 1206 1468 Dicti
1225 1425 1361 1467 autem
1391 1431 1487 1468 suut

121 1486 281 1527 &eota
320 1483 545 1532 currendo,
584 1484 692 1536 quod
723 1490 790 1525 est
823 1486 975 1533 θέειν,
1005 1489 1226 1538 propterea
1257 1485 1362 1535 quod
1397 1485 1486 1536 pri-—

124 1543 222 1584 stini
252 1541 442 1587 homines
475 1541 566 1582 sola
594 1542 738 1582 sidera
774 1556 849 1595 per
878 1544 1038 1583 coelum
1069 1543 1275 1583 currentia
1305 1555 1378 1595 pro
1408 1543 1487 1586 diis

126 1596 380 1642 habueruntz
419 1611 589 1650 quorum
619 1613 765 1641 nomen
794 1600 942 1641 deinde
972 1602 1022 1643 ad
1052 1613 1192 1640 omnes
1224 1600 1324 1640 deos
1355 1608 1488 1642 trans·-

124 1660 250 1700 latum
280 1663 359 1698 est.
419 1656 653 1708 Sequuntur
671 1658 904 1708 daemones,
936 1660 1004 1710 qui
1024 1658 1123 1699 dicti
1154 1665 1285 1700 sunta
1314 1658 1491 1713 δαῆναι,

126 1717 352 1770 sapientem
383 1726 494 1764 esse,
521 1716 614 1767 quia
643 1728 764 1767 quum
795 1717 864 1756 alii
890 1730 912 1758 a
941 1718 1092 1758 virtute
1121 1721 1164 1755 et
1191 1717 1389 1767 sapientia
1418 1716 1491 1755 de·

128 1775 353 1820 fecissent,
381 1772 426 1816 hi
448 1771 535 1815 soli
562 1774 658 1813 boni
687 1779 731 1813 et
760 1775 966 1829 sapientes
997 1779 1242 1814 manserunt.
1301 1774 1381 1815 lam
1412 1774 1494 1828 lie-

129 1845 226 1873 roes
262 1843 413 1871 nomen
444 1833 658 1873 traxerunt
686 1832 735 1871 ab
766 1830 919 1886 εἴρειν,
949 1832 1029 1870 hoc
1061 1837 1127 1872 est
1157 1845 1178 1870 a
1210 1831 1406 1881 dicendo,
1445 1836 1494 1871 ut

131 1889 412 1942 intelligantur
439 1887 618 1939 perfecti
648 1893 834 1928 oratores
863 1902 910 1928 ac
939 1889 1153 1930 dialectici.
1187 1887 1262 1944 (-
1293 1889 1389 1928 3935.
1422 1886 1495 1943 E.)

131 1947 264 1990 Simili
300 1945 392 1986 lusu
421 1945 613 1999 deinceps
639 1940 944 1997 pertractantur
981 1947 1158 2000 origines
1188 1947 1390 1986 nominum
1420 1947 1497 1987 bo-

132 2005 251 2052 minis
281 2001 341 2058 (p.
369 2003 468 2047 399.
499 2003 548 2046 A.
577 2024 634 2032 ——
664 2001 748 2058 D.),
779 2005 963 2057 corporis
994 2009 1037 2043 et
1065 2005 1185 2045 animi
1223 2002 1282 2059 (p.
1320 2005 1416 2049 309.
1446 2005 1497 2048 Ε.

63 2071 192 2117 ’γ’-τ
219 2062 318 2103 4⁰0.
342 2056 429 2116 D.),
471 2060 627 2101 Vestae
658 2059 717 2119 (p.
747 2061 845 2103 401.
876 2059 1096 2117 A.-1).),
1127 2062 1251 2102 Croni
1282 2067 1325 2102 et
1354 2061 1498 2103 Rheae

43 2130 92 2174 ς
114 2117 197 2177 ³(p.
226 2119 323 2163 4⁰2.
355 2115 442 2172 Ae),
472 2117 660 2173 'l'hetyos
697 2115 850 2173 (ibid),
887 2119 1067 2174 Neptuni
1103 2117 1162 2173 (p.
1201 2119 1300 2161 402.
1332 2119 1380 2161 D.
1410 2118 1501 2176 1⁴2),

12 2223 20 2231 .
58 2179 62 2189 ”
111 2177 324 2220 'Plutonis
355 2172 424 2230 (p.
452 2176 552 2216 403.
579 2172 677 2230 A.),
709 2175 805 2217 Orci
836 2174 1057 2232 (ibid.B.),
1087 2177 1276 2226 Cereris,
1321 2177 1501 2228 lunonis,

137 2234 428 2286 Persephones
466 2231 548 2290 (—
587 2234 684 2274 404.
723 2233 826 2283 D.),
861 2235 1060 2287 Apollinis
1105 2232 1173 2289 (p.
1214 2236 1313 2275 404.
1352 2237 1404 2279 E.
1444 2257 1502 2266 -

140 2294 238 2334 4⁰6.
270 2288 367 2344 A‚).,
403 2290 614 2334 Musarum
647 2288 706 2346 (p.
737 2291 834 2333 406.
864 2290 960 2348 A.),
988 2292 1169 2333 Latonae
1206 2291 1321 2346 (ibid.
1350 2294 1400 2340 A.
1431 2291 1502 2349 B.)

123 2351 292 2414 *Dianae
323 2345 438 2460 (ibid.
470 2346 570 2404 3.),ὴ
583 2347 752 2401 Dionysi
783 2354 831 2389 et‘
854 2350 1031 2393 Veneris
1062 2348 1178 2404 (ibid.
1210 2351 1254 2390 Ο.
1288 2348 1372 2404 1).),
1418 2352 1502 2393 Μὶ-

144 2419 294 2451 nervae·
346 2427 401 2436 —-
429 2406 527 2448 407.
557 2403 641 2460 B.),
670 2407 842 2448 Vulcani
871 2406 928 2462 (p.
959 2408 1056 2448 4⁰7.
1089 2407 1172 2463 Q),
1210 2408 1357 2449 Martis
1388 2407 1505 2463 (ibid.

146 2464 248 2519 ss),
282 2463 481 2505 Mercurii
511 2460 570 2517 (p.
600 2464 699 2503 407.
728 2464 778 2510 Ε.
806 2487 864 2494 —-
892 2465 991 2505 408.
1028 2463 1124 2519 A),
1156 2467 1275 2506 Panis
1315 2465 1372 2520 (p.
1405 2467 1504 2509 408.

148 2525 196 2566 Β.
225 2544 280 2552 -
310 2518 407 2577 D.),
446 2521 504 2560 ita
541 2521 728 2572 quidem,
756 2525 802 2565 ut
829 2522 1030 2570 violentae
1066 2525 1274 2566 literarum
1302 2529 1508 2579 permuta-

151 2585 286 2622 tiones
325 2579 591 2623 admittantur
630 2585 674 2618 et
711 2579 986 2621 Eleaticorum
1027 2583 1178 2632 pariter
1215 2587 1337 2632 atque
1375 2582 1506 2621 Ilera·

152 2639 369 2679 cliteorum
400 2641 444 2676 et
473 2636 742 2688 Orpliicorum
770 2638 874 2677 ratio
903 2636 1115 2680 habeatur.
1143 2663 1200 2669 -
1264 2641 1299 2678 Α
1339 2639 1509 2679 deornm

154 2695 381 2742 nominibus
412 2693 711 2746 transgreditur
741 2694 934 2738 Socrates
971 2696 1022 2738 ad
1052 2698 1172 2745 solis,
1215 2697 1350 2745 lunae,
1386 2698 1508 2749 ignis,

157 2765 298 2803 aquae,
331 2753 437 2795 aeris
457 2756 500 2795 et
529 2758 679 2802 terrae,
708 2754 799 2796 anni
830 2758 873 2793 et
901 2758 1190 2807 tempestatum
1221 2755 1379 2793 nomina
1408 2768 1510 2794 con-

158 2810 393 2861 sideranda,
428 2811 466 2850 in
506 2811 650 2863 quibus
690 2810 945 2864 explorandis
975 2811 1077 2852 ludit
1105 2813 1293 2854 similiter
1323 2809 1382 2867 (p.
1413 2813 1511 2853 4⁰9.
