<?xml version="1.0" encoding="UTF-8"?>
<!DOCTYPE html PUBLIC "-//W3C//DTD XHTML 1.0 Transitional//EN"
    "http://www.w3.org/TR/xhtml1/DTD/xhtml1-transitional.dtd">
<html xmlns="http://www.w3.org/1999/xhtml" xml:lang="en" lang="en">
 <head>
  <title>
</title>
<meta http-equiv="Content-Type" content="text/html;charset=utf-8" />
  <meta name='ocr-system' content='tesseract 3.04.00' />
  <meta name='ocr-capabilities' content='ocr_page ocr_carea ocr_par ocr_line ocrx_word'/>
</head>
<body>
  <div class='ocr_page' id='page_1' title='image "./operaomniarecens05platuoft/operaomniarecens05platuoft_0204.png"; bbox 0 0 1742 2970; ppageno 0'>
   <div class='ocr_carea' id='block_1_1' title="bbox 322 213 1280 264">
    <p class='ocr_par' dir='ltr' id='par_1_1' title="bbox 322 213 1280 264">
     <span class='ocr_line' id='line_1_1' title="bbox 322 213 1280 264; baseline -0.005 -3"><span class='ocrx_word' id='word_1_1' title='bbox 322 220 400 261; x_wconf 84' lang='lat'>198</span> <span class='ocrx_word' id='word_1_2' title='bbox 708 213 1193 264; x_wconf 71' lang='lat' dir='ltr'><strong>PROLEGOMENA</strong></span> <span class='ocrx_word' id='word_1_3' title='bbox 1225 214 1280 256; x_wconf 84' lang='lat' dir='ltr'>ad</span> 
     </span>
    </p>
   </div>
   <div class='ocr_carea' id='block_1_2' title="bbox 305 327 1679 1797">
    <p class='ocr_par' dir='ltr' id='par_1_2' title="bbox 305 327 1679 1797">
     <span class='ocr_line' id='line_1_2' title="bbox 318 327 1675 387; baseline -0.001 -14"><span class='ocrx_word' id='word_1_4' title='bbox 318 338 390 373; x_wconf 89' lang='lat' dir='ltr'>tur</span> <span class='ocrx_word' id='word_1_5' title='bbox 429 345 510 387; x_wconf 86' lang='lat' dir='ltr'>ego</span> <span class='ocrx_word' id='word_1_6' title='bbox 539 334 583 371; x_wconf 84' lang='lat' dir='ltr'>te</span> <span class='ocrx_word' id='word_1_7' title='bbox 619 329 665 371; x_wconf 92' lang='lat' dir='ltr'>in</span> <span class='ocrx_word' id='word_1_8' title='bbox 690 333 958 386; x_wconf 82' lang='lat' dir='ltr'>suggestum</span> <span class='ocrx_word' id='word_1_9' title='bbox 999 327 1284 384; x_wconf 76' lang='lat' dir='ltr'><strong>prodeuntem</strong></span> <span class='ocrx_word' id='word_1_10' title='bbox 1315 328 1357 383; x_wconf 76' lang='grc'>*)</span> <span class='ocrx_word' id='word_1_11' title='bbox 1395 327 1675 387; x_wconf 67' lang='lat' dir='ltr'>interrogem,</span> 
     </span>
     <span class='ocr_line' id='line_1_3' title="bbox 318 384 1675 442; baseline -0.001 -13"><span class='ocrx_word' id='word_1_12' title='bbox 318 402 423 429; x_wconf 91' lang='lat' dir='ltr'>num</span> <span class='ocrx_word' id='word_1_13' title='bbox 451 393 499 428; x_wconf 88' lang='lat' dir='ltr'>tu</span> <span class='ocrx_word' id='word_1_14' title='bbox 540 386 694 429; x_wconf 88' lang='lat' dir='ltr'>ceteris</span> <span class='ocrx_word' id='word_1_15' title='bbox 740 385 938 427; x_wconf 89' lang='lat' dir='ltr'>omnibus</span> <span class='ocrx_word' id='word_1_16' title='bbox 970 385 1124 427; x_wconf 89' lang='lat' dir='ltr'>melius</span> <span class='ocrx_word' id='word_1_17' title='bbox 1154 390 1386 442; x_wconf 86' lang='lat' dir='ltr'>perspecta</span> <span class='ocrx_word' id='word_1_18' title='bbox 1415 384 1578 429; x_wconf 68' lang='lat' dir='ltr'>hahens</span> <span class='ocrx_word' id='word_1_19' title='bbox 1607 399 1675 440; x_wconf 85' lang='lat' dir='ltr'>ea,</span> 
     </span>
     <span class='ocr_line' id='line_1_4' title="bbox 320 436 1677 498; baseline 0.001 -15"><span class='ocrx_word' id='word_1_20' title='bbox 320 443 373 485; x_wconf 81' lang='lat' dir='ltr'>cle</span> <span class='ocrx_word' id='word_1_21' title='bbox 416 443 574 498; x_wconf 90' lang='lat' dir='ltr'>quibus</span> <span class='ocrx_word' id='word_1_22' title='bbox 620 442 754 484; x_wconf 88' lang='lat' dir='ltr'>verba</span> <span class='ocrx_word' id='word_1_23' title='bbox 794 442 987 484; x_wconf 86' lang='lat' dir='ltr'>facturus</span> <span class='ocrx_word' id='word_1_24' title='bbox 1020 441 1104 496; x_wconf 83' lang='lat' dir='ltr'>sis,</span> <span class='ocrx_word' id='word_1_25' title='bbox 1135 441 1260 484; x_wconf 77' lang='lat' dir='ltr'>facile</span> <span class='ocrx_word' id='word_1_26' title='bbox 1292 436 1527 498; x_wconf 75' lang='lat' dir='ltr'>praevideo</span> <span class='ocrx_word' id='word_1_27' title='bbox 1555 440 1604 484; x_wconf 68' lang='lat' dir='ltr'>id</span> <span class='ocrx_word' id='word_1_28' title='bbox 1632 447 1677 495; x_wconf 81' lang='lat' dir='ltr'>te</span> 
     </span>
     <span class='ocr_line' id='line_1_5' title="bbox 323 497 1677 555; baseline 0 -14"><span class='ocrx_word' id='word_1_29' title='bbox 323 499 648 542; x_wconf 87' lang='lat' dir='ltr'>affirmaturum.</span> <span class='ocrx_word' id='word_1_30' title='bbox 718 498 857 554; x_wconf 81' lang='lat' dir='ltr'><strong>Atqui</strong></span> <span class='ocrx_word' id='word_1_31' title='bbox 893 514 975 555; x_wconf 85' lang='lat' dir='ltr'>ego</span> <span class='ocrx_word' id='word_1_32' title='bbox 1018 498 1072 540; x_wconf 89' lang='lat' dir='ltr'>de</span> <span class='ocrx_word' id='word_1_33' title='bbox 1111 497 1193 540; x_wconf 87' lang='lat' dir='ltr'>hac</span> <span class='ocrx_word' id='word_1_34' title='bbox 1222 513 1267 539; x_wconf 85' lang='lat' dir='ltr'>re</span> <span class='ocrx_word' id='word_1_35' title='bbox 1299 513 1389 540; x_wconf 92' lang='lat' dir='ltr'>non</span> <span class='ocrx_word' id='word_1_36' title='bbox 1419 497 1521 540; x_wconf 64' lang='lat' dir='ltr'>sime&gt;</span> <span class='ocrx_word' id='word_1_37' title='bbox 1545 506 1677 541; x_wconf 84' lang='lat' dir='ltr'>causa</span> 
     </span>
     <span class='ocr_line' id='line_1_6' title="bbox 320 553 1675 609; baseline -0.001 -12"><span class='ocrx_word' id='word_1_38' title='bbox 320 555 480 598; x_wconf 87' lang='lat' dir='ltr'>idonea</span> <span class='ocrx_word' id='word_1_39' title='bbox 517 555 716 609; x_wconf 80' lang='lat' dir='ltr'>dubitare</span> <span class='ocrx_word' id='word_1_40' title='bbox 757 554 862 596; x_wconf 91' lang='lat' dir='ltr'>mihi</span> <span class='ocrx_word' id='word_1_41' title='bbox 884 579 887 582; x_wconf 60' lang='lat'>&lt;</span> <span class='ocrx_word' id='word_1_42' title='bbox 906 554 1100 597; x_wconf 68' lang='lat' dir='ltr'>videon·</span> <span class='ocrx_word' id='word_1_43' title='bbox 1139 553 1264 608; x_wconf 80' lang='lat' dir='ltr'>Quae</span> <span class='ocrx_word' id='word_1_44' title='bbox 1303 553 1416 596; x_wconf 88' lang='lat' dir='ltr'>enim</span> <span class='ocrx_word' id='word_1_45' title='bbox 1441 553 1675 608; x_wconf 82' lang='lat' dir='ltr'>novimus,</span> 
     </span>
     <span class='ocr_line' id='line_1_7' title="bbox 320 610 1677 668; baseline -0.001 -14"><span class='ocrx_word' id='word_1_46' title='bbox 320 628 371 654; x_wconf 87' lang='lat' dir='ltr'>ea</span> <span class='ocrx_word' id='word_1_47' title='bbox 408 612 478 654; x_wconf 87' lang='lat' dir='ltr'>vel</span> <span class='ocrx_word' id='word_1_48' title='bbox 521 612 574 654; x_wconf 88' lang='lat' dir='ltr'>ab</span> <span class='ocrx_word' id='word_1_49' title='bbox 613 611 709 653; x_wconf 90' lang='lat' dir='ltr'>aliis</span> <span class='ocrx_word' id='word_1_50' title='bbox 744 610 999 665; x_wconf 83' lang='lat' dir='ltr'>didicimus,</span> <span class='ocrx_word' id='word_1_51' title='bbox 1040 611 1111 654; x_wconf 84' lang='lat' dir='ltr'>vel</span> <span class='ocrx_word' id='word_1_52' title='bbox 1140 611 1227 667; x_wconf 88' lang='lat' dir='ltr'>ipsi</span> <span class='ocrx_word' id='word_1_53' title='bbox 1257 611 1602 668; x_wconf 66' lang='lat' dir='ltr'>excogita-vimus</span> <span class='ocrx_word' id='word_1_54' title='bbox 1618 616 1677 653; x_wconf 69' lang='lat' dir='ltr'>*et</span> 
     </span>
     <span class='ocr_line' id='line_1_8' title="bbox 318 667 1677 725; baseline 0 -15"><span class='ocrx_word' id='word_1_55' title='bbox 318 668 570 725; x_wconf 83' lang='lat' dir='ltr'>reperimus.</span> <span class='ocrx_word' id='word_1_56' title='bbox 637 667 733 711; x_wconf 86' lang='lat' dir='ltr'>Iam</span> <span class='ocrx_word' id='word_1_57' title='bbox 770 683 873 710; x_wconf 87' lang='lat' dir='ltr'>vero</span> <span class='ocrx_word' id='word_1_58' title='bbox 915 683 1025 723; x_wconf 87' lang='lat' dir='ltr'>quae</span> <span class='ocrx_word' id='word_1_59' title='bbox 1055 667 1136 710; x_wconf 87' lang='lat' dir='ltr'>tibi</span> <span class='ocrx_word' id='word_1_60' title='bbox 1165 667 1330 709; x_wconf 88' lang='lat' dir='ltr'>dudum</span> <span class='ocrx_word' id='word_1_61' title='bbox 1369 668 1486 710; x_wconf 84' lang='lat' dir='ltr'>scire</span> <span class='ocrx_word' id='word_1_62' title='bbox 1520 673 1565 710; x_wconf 88' lang='lat' dir='ltr'>et</span> <span class='ocrx_word' id='word_1_63' title='bbox 1603 682 1677 710; x_wconf 89' lang='lat' dir='ltr'>co-</span> 
     </span>
     <span class='ocr_line' id='line_1_9' title="bbox 318 721 1677 781; baseline -0.001 -14"><span class='ocrx_word' id='word_1_64' title='bbox 318 725 524 781; x_wconf 85' lang='lat' dir='ltr'>gnovisse</span> <span class='ocrx_word' id='word_1_65' title='bbox 552 724 674 767; x_wconf 89' lang='lat' dir='ltr'>visus</span> <span class='ocrx_word' id='word_1_66' title='bbox 705 738 766 774; x_wconf 71' lang='lat' dir='ltr'>eS,</span> <span class='ocrx_word' id='word_1_67' title='bbox 797 739 848 766; x_wconf 89' lang='lat' dir='ltr'>ea</span> <span class='ocrx_word' id='word_1_68' title='bbox 870 730 989 766; x_wconf 90' lang='lat' dir='ltr'>certe</span> <span class='ocrx_word' id='word_1_69' title='bbox 1019 723 1186 766; x_wconf 83' lang='lat' dir='ltr'>discere</span> <span class='ocrx_word' id='word_1_70' title='bbox 1209 724 1263 766; x_wconf 92' lang='lat' dir='ltr'>ab</span> <span class='ocrx_word' id='word_1_71' title='bbox 1292 721 1389 766; x_wconf 83' lang='lat' dir='ltr'>aliis</span> <span class='ocrx_word' id='word_1_72' title='bbox 1420 729 1497 767; x_wconf 84' lang='lat' dir='ltr'>aut</span> <span class='ocrx_word' id='word_1_73' title='bbox 1523 724 1677 780; x_wconf 85' lang='lat' dir='ltr'>exqui-</span> 
     </span>
     <span class='ocr_line' id='line_1_10' title="bbox 317 780 1675 838; baseline 0.002 -15"><span class='ocrx_word' id='word_1_74' title='bbox 317 796 412 823; x_wconf 86' lang='lat' dir='ltr'>rere</span> <span class='ocrx_word' id='word_1_75' title='bbox 442 787 814 838; x_wconf 83' lang='lat' dir='ltr'>supervacaneum</span> <span class='ocrx_word' id='word_1_76' title='bbox 851 780 1112 823; x_wconf 77' lang='lat' dir='ltr'>iudicavisti.</span> <span class='ocrx_word' id='word_1_77' title='bbox 1171 780 1354 823; x_wconf 88' lang='lat' dir='ltr'>Nullum</span> <span class='ocrx_word' id='word_1_78' title='bbox 1393 786 1537 823; x_wconf 87' lang='lat' dir='ltr'>autem</span> <span class='ocrx_word' id='word_1_79' title='bbox 1565 786 1675 827; x_wconf 79' lang='lat' dir='ltr'>tem-</span> 
     </span>
     <span class='ocr_line' id='line_1_11' title="bbox 317 836 1679 933; baseline 0 -54"><span class='ocrx_word' id='word_1_80' title='bbox 317 852 401 893; x_wconf 87' lang='lat' dir='ltr'>pus</span> <span class='ocrx_word' id='word_1_81' title='bbox 431 837 530 890; x_wconf 82' lang='lat' dir='ltr'>fuit,</span> <span class='ocrx_word' id='word_1_82' title='bbox 563 853 648 892; x_wconf 89' lang='lat' dir='ltr'>quo</span> <span class='ocrx_word' id='word_1_83' title='bbox 680 851 745 890; x_wconf 89' lang='lat' dir='ltr'>ea,</span> <span class='ocrx_word' id='word_1_84' title='bbox 781 844 892 933; x_wconf 57' lang='lat' dir='ltr'>quae</span> <span class='ocrx_word' id='word_1_85' title='bbox 922 837 978 878; x_wconf 91' lang='lat' dir='ltr'>ad</span> <span class='ocrx_word' id='word_1_86' title='bbox 1010 836 1339 894; x_wconf 80' lang='lat' dir='ltr'>gubernandam</span> <span class='ocrx_word' id='word_1_87' title='bbox 1368 837 1679 894; x_wconf 82' lang='lat' dir='ltr'>rempublicam</span> 
     </span>
     <span class='ocr_line' id='line_1_12' title="bbox 318 892 1677 951; baseline 0.004 -17"><span class='ocrx_word' id='word_1_88' title='bbox 318 893 567 934; x_wconf 85' lang='lat' dir='ltr'>necessaria</span> <span class='ocrx_word' id='word_1_89' title='bbox 606 898 734 946; x_wconf 88' lang='lat' dir='ltr'>sunt,</span> <span class='ocrx_word' id='word_1_90' title='bbox 811 892 998 935; x_wconf 88' lang='lat' dir='ltr'>idiceris.</span> <span class='ocrx_word' id='word_1_91' title='bbox 1065 893 1182 936; x_wconf 87' lang='lat' dir='ltr'>Nam</span> <span class='ocrx_word' id='word_1_92' title='bbox 1212 908 1323 948; x_wconf 89' lang='lat' dir='ltr'>quae</span> <span class='ocrx_word' id='word_1_93' title='bbox 1362 893 1540 939; x_wconf 80' lang='lat' dir='ltr'>inludo</span> <span class='ocrx_word' id='word_1_94' title='bbox 1564 908 1677 951; x_wconf 83' lang='lat' dir='ltr'>pue.-</span> 
     </span>
     <span class='ocr_line' id='line_1_13' title="bbox 317 947 1678 1003; baseline 0.002 -13"><span class='ocrx_word' id='word_1_95' title='bbox 317 964 466 990; x_wconf 88' lang='lat' dir='ltr'>rorum</span> <span class='ocrx_word' id='word_1_96' title='bbox 508 948 726 1003; x_wconf 81' lang='lat' dir='ltr'>didicisti,</span> <span class='ocrx_word' id='word_1_97' title='bbox 779 947 833 990; x_wconf 91' lang='lat' dir='ltr'>de</span> <span class='ocrx_word' id='word_1_98' title='bbox 872 949 926 991; x_wconf 89' lang='lat' dir='ltr'>iis</span> <span class='ocrx_word' id='word_1_99' title='bbox 963 948 1269 991; x_wconf 59' lang='lat' dir='ltr'>Atheniensess</span> <span class='ocrx_word' id='word_1_100' title='bbox 1294 949 1543 993; x_wconf 83' lang='lat' dir='ltr'>consultare</span> <span class='ocrx_word' id='word_1_101' title='bbox 1588 965 1678 993; x_wconf 86' lang='lat' dir='ltr'>non</span> 
     </span>
     <span class='ocr_line' id='line_1_14' title="bbox 319 1004 1678 1061; baseline 0.001 -14"><span class='ocrx_word' id='word_1_102' title='bbox 319 1005 473 1047; x_wconf 78' lang='lat' dir='ltr'>solent.</span> <span class='ocrx_word' id='word_1_103' title='bbox 545 1004 593 1048; x_wconf 88' lang='lat' dir='ltr'>Si</span> <span class='ocrx_word' id='word_1_104' title='bbox 634 1010 780 1047; x_wconf 87' lang='lat' dir='ltr'>autem</span> <span class='ocrx_word' id='word_1_105' title='bbox 822 1005 875 1048; x_wconf 89' lang='lat' dir='ltr'>de</span> <span class='ocrx_word' id='word_1_106' title='bbox 906 1006 1001 1047; x_wconf 87' lang='lat' dir='ltr'>aliis</span> <span class='ocrx_word' id='word_1_107' title='bbox 1038 1006 1168 1055; x_wconf 81' lang='lat' dir='ltr'>rebus</span> <span class='ocrx_word' id='word_1_108' title='bbox 1196 1004 1482 1061; x_wconf 79' lang='lat' dir='ltr'>deliberant,-</span> <span class='ocrx_word' id='word_1_109' title='bbox 1514 1006 1678 1048; x_wconf 65' lang='lat' dir='ltr'>&#39;artium</span> 
     </span>
     <span class='ocr_line' id='line_1_15' title="bbox 316 1061 1678 1119; baseline 0.002 -17"><span class='ocrx_word' id='word_1_110' title='bbox 316 1061 480 1117; x_wconf 86' lang='lat' dir='ltr'>peritos</span> <span class='ocrx_word' id='word_1_111' title='bbox 525 1061 571 1102; x_wconf 92' lang='lat' dir='ltr'>in</span> <span class='ocrx_word' id='word_1_112' title='bbox 611 1062 840 1104; x_wconf 87' lang='lat' dir='ltr'>consilium</span> <span class='ocrx_word' id='word_1_113' title='bbox 879 1061 1089 1104; x_wconf 88' lang='lat' dir='ltr'>adhibent</span> <span class='ocrx_word' id='word_1_114' title='bbox 1127 1061 1246 1104; x_wconf 86' lang='lat' dir='ltr'>nulla</span> <span class='ocrx_word' id='word_1_115' title='bbox 1288 1061 1440 1105; x_wconf 84' lang='lat' dir='ltr'>habita</span> <span class='ocrx_word' id='word_1_116' title='bbox 1465 1062 1678 1119; x_wconf 79' lang='lat' dir='ltr'>pulcritu-</span> 
     </span>
     <span class='ocr_line' id='line_1_16' title="bbox 320 1117 1678 1175; baseline 0.003 -17"><span class='ocrx_word' id='word_1_117' title='bbox 320 1117 433 1160; x_wconf 89' lang='lat' dir='ltr'>dinis</span> <span class='ocrx_word' id='word_1_118' title='bbox 464 1123 540 1159; x_wconf 90' lang='lat' dir='ltr'>aut</span> <span class='ocrx_word' id='word_1_119' title='bbox 565 1118 807 1161; x_wconf 84' lang='lat' dir='ltr'>nobilitatis</span> <span class='ocrx_word' id='word_1_120' title='bbox 841 1125 918 1160; x_wconf 86' lang='lat' dir='ltr'>aut</span> <span class='ocrx_word' id='word_1_121' title='bbox 956 1119 1210 1174; x_wconf 55' lang='lat' dir='ltr'>&gt;opulentiae</span> <span class='ocrx_word' id='word_1_122' title='bbox 1241 1118 1422 1165; x_wconf 73' lang='lat' dir='ltr'>ratione·</span> <span class='ocrx_word' id='word_1_123' title='bbox 1484 1117 1678 1175; x_wconf 73' lang='lat' dir='ltr'>Quibus·-</span> 
     </span>
     <span class='ocr_line' id='line_1_17' title="bbox 317 1174 1676 1231; baseline 0.001 -16"><span class='ocrx_word' id='word_1_124' title='bbox 317 1189 418 1215; x_wconf 90' lang='lat' dir='ltr'>nam</span> <span class='ocrx_word' id='word_1_125' title='bbox 447 1174 583 1231; x_wconf 87' lang='lat' dir='ltr'>igitur</span> <span class='ocrx_word' id='word_1_126' title='bbox 611 1175 656 1216; x_wconf 91' lang='lat' dir='ltr'>in</span> <span class='ocrx_word' id='word_1_127' title='bbox 685 1175 814 1217; x_wconf 88' lang='lat' dir='ltr'>rebus</span> <span class='ocrx_word' id='word_1_128' title='bbox 848 1190 922 1217; x_wconf 89' lang='lat' dir='ltr'>eos</span> <span class='ocrx_word' id='word_1_129' title='bbox 952 1175 1117 1231; x_wconf 86' lang='lat' dir='ltr'>poteris</span> <span class='ocrx_word' id='word_1_130' title='bbox 1139 1174 1321 1217; x_wconf 85' lang='lat' dir='ltr'>consilio</span> <span class='ocrx_word' id='word_1_131' title='bbox 1343 1180 1424 1218; x_wconf 86' lang='lat' dir='ltr'>tuo</span> <span class='ocrx_word' id='word_1_132' title='bbox 1441 1174 1676 1219; x_wconf 77' lang='lat' dir='ltr'>adiuvare?</span> 
     </span>
     <span class='ocr_line' id='line_1_18' title="bbox 319 1230 1677 1289; baseline 0.002 -18"><span class='ocrx_word' id='word_1_133' title='bbox 319 1230 535 1272; x_wconf 85' lang='lat' dir='ltr'>Nimirum</span> <span class='ocrx_word' id='word_1_134' title='bbox 572 1230 616 1271; x_wconf 89' lang='lat' dir='ltr'>in</span> <span class='ocrx_word' id='word_1_135' title='bbox 658 1231 848 1286; x_wconf 82' lang='lat' dir='ltr'>negotiis</span> <span class='ocrx_word' id='word_1_136' title='bbox 888 1232 1096 1287; x_wconf 86' lang='lat' dir='ltr'>ipsorum,</span> <span class='ocrx_word' id='word_1_137' title='bbox 1129 1237 1178 1272; x_wconf 90' lang='lat' dir='ltr'>ut</span> <span class='ocrx_word' id='word_1_138' title='bbox 1207 1231 1298 1285; x_wconf 89' lang='lat' dir='ltr'>ais,</span> <span class='ocrx_word' id='word_1_139' title='bbox 1338 1237 1458 1274; x_wconf 88' lang='lat' dir='ltr'>recte</span> <span class='ocrx_word' id='word_1_140' title='bbox 1485 1230 1677 1289; x_wconf 88' lang='lat' dir='ltr'>pruden-</span> 
     </span>
     <span class='ocr_line' id='line_1_19' title="bbox 317 1285 1677 1344; baseline 0.001 -16"><span class='ocrx_word' id='word_1_141' title='bbox 317 1292 475 1341; x_wconf 88' lang='lat' dir='ltr'>terque</span> <span class='ocrx_word' id='word_1_142' title='bbox 507 1285 877 1341; x_wconf 76' lang='lat' dir='ltr'>administrandis,</span> <span class='ocrx_word' id='word_1_143' title='bbox 912 1303 1044 1341; x_wconf 86' lang='lat' dir='ltr'>quum</span> <span class='ocrx_word' id='word_1_144' title='bbox 1067 1287 1121 1329; x_wconf 92' lang='lat' dir='ltr'>de</span> <span class='ocrx_word' id='word_1_145' title='bbox 1151 1288 1268 1330; x_wconf 90' lang='lat' dir='ltr'>bello</span> <span class='ocrx_word' id='word_1_146' title='bbox 1298 1293 1344 1330; x_wconf 84' lang='lat' dir='ltr'>et</span> <span class='ocrx_word' id='word_1_147' title='bbox 1363 1291 1472 1344; x_wconf 81' lang='lat' dir='ltr'>pace</span> <span class='ocrx_word' id='word_1_148' title='bbox 1486 1287 1677 1344; x_wconf 60' lang='lat' dir='ltr'>‘aliisque</span> 
     </span>
     <span class='ocr_line' id='line_1_20' title="bbox 314 1342 1675 1399; baseline 0.002 -14"><span class='ocrx_word' id='word_1_149' title='bbox 314 1343 445 1386; x_wconf 88' lang='lat' dir='ltr'>rebus</span> <span class='ocrx_word' id='word_1_150' title='bbox 473 1342 530 1385; x_wconf 90' lang='lat' dir='ltr'>ad</span> <span class='ocrx_word' id='word_1_151' title='bbox 560 1343 784 1385; x_wconf 86' lang='lat' dir='ltr'>civitatem</span> <span class='ocrx_word' id='word_1_152' title='bbox 813 1344 1129 1399; x_wconf 89' lang='lat' dir='ltr'>pertinentibus</span> <span class='ocrx_word' id='word_1_153' title='bbox 1159 1344 1448 1388; x_wconf 64' lang='lat' dir='ltr'>consultant.»</span> <span class='ocrx_word' id='word_1_154' title='bbox 1480 1350 1544 1391; x_wconf 85' lang='lat' dir='ltr'>At</span> <span class='ocrx_word' id='word_1_155' title='bbox 1570 1360 1675 1388; x_wconf 82' lang='lat' dir='ltr'>vero</span> 
     </span>
     <span class='ocr_line' id='line_1_21' title="bbox 315 1399 1675 1457; baseline 0.001 -15"><span class='ocrx_word' id='word_1_156' title='bbox 315 1399 372 1442; x_wconf 88' lang='lat' dir='ltr'>ad</span> <span class='ocrx_word' id='word_1_157' title='bbox 402 1399 510 1442; x_wconf 86' lang='lat' dir='ltr'>haec</span> <span class='ocrx_word' id='word_1_158' title='bbox 541 1399 684 1442; x_wconf 90' lang='lat' dir='ltr'>omnia</span> <span class='ocrx_word' id='word_1_159' title='bbox 715 1414 765 1441; x_wconf 92' lang='lat' dir='ltr'>co</span> <span class='ocrx_word' id='word_1_160' title='bbox 791 1400 909 1442; x_wconf 73' lang='lat' dir='ltr'>nitio</span> <span class='ocrx_word' id='word_1_161' title='bbox 941 1401 1056 1454; x_wconf 81' lang='lat' dir='ltr'>eius,</span> <span class='ocrx_word' id='word_1_162' title='bbox 1088 1400 1387 1455; x_wconf 31' lang='lat' dir='ltr'>quodvmclius</span> <span class='ocrx_word' id='word_1_163' title='bbox 1419 1406 1500 1456; x_wconf 87' lang='lat' dir='ltr'>est,</span> <span class='ocrx_word' id='word_1_164' title='bbox 1520 1402 1675 1457; x_wconf 61' lang='lat' dir='ltr'>requi-</span> 
     </span>
     <span class='ocr_line' id='line_1_22' title="bbox 313 1455 1674 1515; baseline 0.002 -17"><span class='ocrx_word' id='word_1_165' title='bbox 313 1457 445 1511; x_wconf 88' lang='lat' dir='ltr'>ritur,</span> <span class='ocrx_word' id='word_1_166' title='bbox 489 1455 747 1511; x_wconf 88' lang='lat' dir='ltr'>quemadmo</span> <span class='ocrx_word' id='word_1_167' title='bbox 784 1473 858 1498; x_wconf 88' lang='lat' dir='ltr'>um</span> <span class='ocrx_word' id='word_1_168' title='bbox 902 1455 958 1497; x_wconf 91' lang='lat' dir='ltr'>ad</span> <span class='ocrx_word' id='word_1_169' title='bbox 995 1456 1248 1498; x_wconf 89' lang='lat' dir='ltr'>luctandum</span> <span class='ocrx_word' id='word_1_170' title='bbox 1289 1457 1400 1503; x_wconf 83' lang='lat' dir='ltr'>scire</span> <span class='ocrx_word' id='word_1_171' title='bbox 1439 1471 1560 1515; x_wconf 81' lang='lat' dir='ltr'>opus</span> <span class='ocrx_word' id='word_1_172' title='bbox 1589 1463 1674 1512; x_wconf 83' lang='lat' dir='ltr'>est,</span> 
     </span>
     <span class='ocr_line' id='line_1_23' title="bbox 314 1512 1677 1568; baseline 0.001 -13"><span class='ocrx_word' id='word_1_173' title='bbox 314 1513 574 1568; x_wconf 87' lang='lat' dir='ltr'>quibuscum</span> <span class='ocrx_word' id='word_1_174' title='bbox 613 1519 657 1555; x_wconf 91' lang='lat' dir='ltr'>et</span> <span class='ocrx_word' id='word_1_175' title='bbox 697 1512 874 1567; x_wconf 86' lang='lat' dir='ltr'>quando</span> <span class='ocrx_word' id='word_1_176' title='bbox 915 1519 959 1554; x_wconf 89' lang='lat' dir='ltr'>et</span> <span class='ocrx_word' id='word_1_177' title='bbox 998 1529 1083 1568; x_wconf 92' lang='lat' dir='ltr'>quo</span> <span class='ocrx_word' id='word_1_178' title='bbox 1125 1512 1255 1566; x_wconf 88' lang='lat' dir='ltr'>modo</span> <span class='ocrx_word' id='word_1_179' title='bbox 1308 1518 1526 1558; x_wconf 79' lang='lat' dir='ltr'>certamen</span> <span class='ocrx_word' id='word_1_180' title='bbox 1572 1514 1677 1559; x_wconf 64' lang='lat' dir='ltr'>,iniri</span> 
     </span>
     <span class='ocr_line' id='line_1_24' title="bbox 314 1568 1675 1626; baseline 0.002 -15"><span class='ocrx_word' id='word_1_181' title='bbox 314 1569 448 1612; x_wconf 71' lang='lat' dir='ltr'>Satius</span> <span class='ocrx_word' id='word_1_182' title='bbox 479 1570 549 1613; x_wconf 87' lang='lat' dir='ltr'>sit.</span> <span class='ocrx_word' id='word_1_183' title='bbox 586 1568 808 1623; x_wconf 75' lang='lat' dir='ltr'>Quidnam</span> <span class='ocrx_word' id='word_1_184' title='bbox 839 1570 975 1626; x_wconf 83' lang='lat' dir='ltr'>igitur</span> <span class='ocrx_word' id='word_1_185' title='bbox 1003 1568 1112 1610; x_wconf 90' lang='lat' dir='ltr'>illud</span> <span class='ocrx_word' id='word_1_186' title='bbox 1142 1574 1222 1622; x_wconf 84' lang='lat' dir='ltr'>est,</span> <span class='ocrx_word' id='word_1_187' title='bbox 1255 1569 1374 1624; x_wconf 80' lang='lat' dir='ltr'>quod</span> <span class='ocrx_word' id='word_1_188' title='bbox 1394 1569 1549 1614; x_wconf 87' lang='lat' dir='ltr'>melius</span> <span class='ocrx_word' id='word_1_189' title='bbox 1581 1574 1675 1615; x_wconf 72' lang='lat' dir='ltr'>eSse</span> 
     </span>
     <span class='ocr_line' id='line_1_25' title="bbox 314 1624 1675 1683; baseline 0.002 -16"><span class='ocrx_word' id='word_1_190' title='bbox 314 1625 424 1668; x_wconf 88' lang='lat' dir='ltr'>dicis</span> <span class='ocrx_word' id='word_1_191' title='bbox 455 1627 500 1667; x_wconf 92' lang='lat' dir='ltr'>in</span> <span class='ocrx_word' id='word_1_192' title='bbox 526 1625 764 1683; x_wconf 59' lang='lat' dir='ltr'>&gt;republica</span> <span class='ocrx_word' id='word_1_193' title='bbox 783 1624 1080 1667; x_wconf 81' lang='lat' dir='ltr'>moderanda?</span> <span class='ocrx_word' id='word_1_194' title='bbox 1139 1624 1355 1668; x_wconf 90' lang='lat' dir='ltr'>Nimirum</span> <span class='ocrx_word' id='word_1_195' title='bbox 1397 1625 1468 1669; x_wconf 76' lang='lat' dir='ltr'>hio</span> <span class='ocrx_word' id='word_1_196' title='bbox 1504 1626 1675 1677; x_wconf 76' lang='lat' dir='ltr'>iustitia</span> 
     </span>
     <span class='ocr_line' id='line_1_26' title="bbox 314 1681 1674 1740; baseline 0.003 -17"><span class='ocrx_word' id='word_1_197' title='bbox 314 1687 360 1723; x_wconf 87' lang='lat' dir='ltr'>et</span> <span class='ocrx_word' id='word_1_198' title='bbox 389 1682 601 1724; x_wconf 86' lang='lat' dir='ltr'>iniustitia</span> <span class='ocrx_word' id='word_1_199' title='bbox 642 1681 918 1739; x_wconf 86' lang='lat' dir='ltr'>respicienda</span> <span class='ocrx_word' id='word_1_200' title='bbox 956 1688 1038 1724; x_wconf 87' lang='lat' dir='ltr'>est.</span> <span class='ocrx_word' id='word_1_201' title='bbox 1110 1681 1230 1738; x_wconf 85' lang='lat' dir='ltr'>Ergo</span> <span class='ocrx_word' id='word_1_202' title='bbox 1273 1687 1317 1723; x_wconf 88' lang='lat' dir='ltr'>te</span> <span class='ocrx_word' id='word_1_203' title='bbox 1347 1681 1456 1733; x_wconf 80' lang='lat' dir='ltr'>iuris</span> <span class='ocrx_word' id='word_1_204' title='bbox 1485 1684 1674 1740; x_wconf 80' lang='lat' dir='ltr'>peritum</span> 
     </span>
     <span class='ocr_line' id='line_1_27' title="bbox 305 1739 1471 1797; baseline 0.002 -17"><span class='ocrx_word' id='word_1_205' title='bbox 305 1752 408 1791; x_wconf 40' lang='lat' dir='ltr'>,esse</span> <span class='ocrx_word' id='word_1_206' title='bbox 438 1745 610 1797; x_wconf 84' lang='lat' dir='ltr'>oportet</span> <span class='ocrx_word' id='word_1_207' title='bbox 641 1739 718 1795; x_wconf 68' lang='grc'>**),</span> <span class='ocrx_word' id='word_1_208' title='bbox 1455 1756 1471 1759; x_wconf 72' lang='grc'><em>”</em></span> 
     </span>
    </p>
   </div>
   <div class='ocr_carea' id='block_1_3' title="bbox 307 1816 1673 2494">
    <p class='ocr_par' dir='ltr' id='par_1_3' title="bbox 307 1816 1673 2436">
     <span class='ocr_line' id='line_1_28' title="bbox 426 1816 1673 1873; baseline 0.002 -14"><span class='ocrx_word' id='word_1_209' title='bbox 426 1817 510 1868; x_wconf 85' lang='lat' dir='ltr'>His</span> <span class='ocrx_word' id='word_1_210' title='bbox 547 1819 778 1873; x_wconf 70' lang='lat' dir='ltr'>eXplicatis</span> <span class='ocrx_word' id='word_1_211' title='bbox 825 1818 1030 1862; x_wconf 87' lang='lat' dir='ltr'>Socrates</span> <span class='ocrx_word' id='word_1_212' title='bbox 1070 1817 1215 1873; x_wconf 83' lang='lat' dir='ltr'>arguit</span> <span class='ocrx_word' id='word_1_213' title='bbox 1249 1816 1522 1871; x_wconf 68' lang='lat' dir='ltr'>Alcibiadem</span> <span class='ocrx_word' id='word_1_214' title='bbox 1563 1833 1673 1861; x_wconf 90' lang='lat' dir='ltr'>nun-</span> 
     </span>
     <span class='ocr_line' id='line_1_29' title="bbox 313 1870 1673 1931; baseline 0.001 -16"><span class='ocrx_word' id='word_1_215' title='bbox 313 1889 444 1931; x_wconf 88' lang='lat' dir='ltr'>quam</span> <span class='ocrx_word' id='word_1_216' title='bbox 473 1873 582 1917; x_wconf 88' lang='lat' dir='ltr'>haec</span> <span class='ocrx_word' id='word_1_217' title='bbox 617 1874 838 1929; x_wconf 77' lang='lat' dir='ltr'>didicisse,</span> <span class='ocrx_word' id='word_1_218' title='bbox 873 1891 1008 1930; x_wconf 88' lang='lat' dir='ltr'>quum</span> <span class='ocrx_word' id='word_1_219' title='bbox 1039 1873 1205 1916; x_wconf 85' lang='lat' dir='ltr'>nullum</span> <span class='ocrx_word' id='word_1_220' title='bbox 1235 1879 1413 1931; x_wconf 82' lang='lat' dir='ltr'>tempus</span> <span class='ocrx_word' id='word_1_221' title='bbox 1435 1870 1673 1931; x_wconf 73' lang='lat' dir='ltr'>possitin-</span> 
     </span>
     <span class='ocr_line' id='line_1_30' title="bbox 309 1929 1672 1988; baseline 0.001 -17"><span class='ocrx_word' id='word_1_222' title='bbox 309 1930 471 1984; x_wconf 83' lang='lat' dir='ltr'>veniri,</span> <span class='ocrx_word' id='word_1_223' title='bbox 514 1945 601 1985; x_wconf 90' lang='lat' dir='ltr'>quo</span> <span class='ocrx_word' id='word_1_224' title='bbox 643 1946 695 1973; x_wconf 88' lang='lat' dir='ltr'>ea</span> <span class='ocrx_word' id='word_1_225' title='bbox 733 1931 1032 1988; x_wconf 83' lang='lat' dir='ltr'>pervestigare</span> <span class='ocrx_word' id='word_1_226' title='bbox 1074 1936 1117 1972; x_wconf 86' lang='lat' dir='ltr'>et</span> <span class='ocrx_word' id='word_1_227' title='bbox 1156 1930 1379 1986; x_wconf 83' lang='lat' dir='ltr'>explorare</span> <span class='ocrx_word' id='word_1_228' title='bbox 1395 1938 1405 1941; x_wconf 75' lang='grc'><em>”</em></span> <span class='ocrx_word' id='word_1_229' title='bbox 1421 1929 1672 1977; x_wconf 72' lang='lat' dir='ltr'>instituerit.</span> 
     </span>
     <span class='ocr_line' id='line_1_31' title="bbox 310 1986 1667 2044; baseline 0.003 -17"><span class='ocrx_word' id='word_1_230' title='bbox 310 1986 425 2028; x_wconf 91' lang='lat' dir='ltr'>Nam</span> <span class='ocrx_word' id='word_1_231' title='bbox 467 1994 568 2029; x_wconf 90' lang='lat' dir='ltr'>ante</span> <span class='ocrx_word' id='word_1_232' title='bbox 606 1988 817 2044; x_wconf 90' lang='lat' dir='ltr'>pueritiae</span> <span class='ocrx_word' id='word_1_233' title='bbox 858 1994 1033 2043; x_wconf 90' lang='lat' dir='ltr'>tempus</span> <span class='ocrx_word' id='word_1_234' title='bbox 1059 1987 1164 2029; x_wconf 89' lang='lat' dir='ltr'>talia</span> <span class='ocrx_word' id='word_1_235' title='bbox 1193 2002 1282 2029; x_wconf 89' lang='lat' dir='ltr'>non</span> <span class='ocrx_word' id='word_1_236' title='bbox 1311 2000 1442 2042; x_wconf 74' lang='lat' dir='ltr'>posse</span> <span class='ocrx_word' id='word_1_237' title='bbox 1472 1999 1667 2044; x_wconf 87' lang='lat' dir='ltr'>compre-</span> 
     </span>
     <span class='ocr_line' id='line_1_32' title="bbox 309 2042 1672 2097; baseline 0.002 -14"><span class='ocrx_word' id='word_1_238' title='bbox 309 2042 442 2084; x_wconf 88' lang='lat' dir='ltr'>hendi</span> <span class='ocrx_word' id='word_1_239' title='bbox 481 2048 612 2097; x_wconf 88' lang='lat' dir='ltr'>atque</span> <span class='ocrx_word' id='word_1_240' title='bbox 654 2043 905 2086; x_wconf 89' lang='lat' dir='ltr'>meditando</span> <span class='ocrx_word' id='word_1_241' title='bbox 949 2043 1138 2097; x_wconf 76' lang='lat' dir='ltr'>exquiri3</span> <span class='ocrx_word' id='word_1_242' title='bbox 1174 2043 1247 2084; x_wconf 29' lang='lat' dir='ltr'>rin·</span> <span class='ocrx_word' id='word_1_243' title='bbox 1325 2042 1482 2085; x_wconf 84' lang='lat' dir='ltr'>neritia</span> <span class='ocrx_word' id='word_1_244' title='bbox 1527 2049 1672 2086; x_wconf 76' lang='lat' dir='ltr'>autem</span> 
     </span>
     <span class='ocr_line' id='line_1_33' title="bbox 310 2095 1672 2154; baseline 0.002 -15"><span class='ocrx_word' id='word_1_245' title='bbox 310 2112 408 2139; x_wconf 85' lang='lat' dir='ltr'>eum</span> <span class='ocrx_word' id='word_1_246' title='bbox 449 2113 548 2139; x_wconf 90' lang='lat' dir='ltr'>cum</span> <span class='ocrx_word' id='word_1_247' title='bbox 587 2100 839 2154; x_wconf 87' lang='lat' dir='ltr'>aequalibus</span> <span class='ocrx_word' id='word_1_248' title='bbox 893 2104 1224 2141; x_wconf 87' lang='lat' dir='ltr'>conversantem</span> <span class='ocrx_word' id='word_1_249' title='bbox 1263 2099 1301 2141; x_wconf 89' lang='lat' dir='ltr'>si</span> <span class='ocrx_word' id='word_1_250' title='bbox 1333 2099 1353 2139; x_wconf 58' lang='lat' dir='ltr'>i‘</span> <span class='ocrx_word' id='word_1_251' title='bbox 1398 2098 1483 2140; x_wconf 82' lang='lat' dir='ltr'>iam</span> <span class='ocrx_word' id='word_1_252' title='bbox 1529 2095 1672 2150; x_wconf 61' lang='lat' dir='ltr'>&#39;visum</span> 
     </span>
     <span class='ocr_line' id='line_1_34' title="bbox 309 2154 1668 2212; baseline 0.003 -18"><span class='ocrx_word' id='word_1_253' title='bbox 309 2168 404 2195; x_wconf 87' lang='lat' dir='ltr'>esse</span> <span class='ocrx_word' id='word_1_254' title='bbox 442 2154 527 2196; x_wconf 87' lang='lat' dir='ltr'>ista</span> <span class='ocrx_word' id='word_1_255' title='bbox 565 2156 709 2197; x_wconf 87' lang='lat' dir='ltr'>omnia</span> <span class='ocrx_word' id='word_1_256' title='bbox 755 2155 1003 2212; x_wconf 84' lang='lat' dir='ltr'>percepisse</span> <span class='ocrx_word' id='word_1_257' title='bbox 1050 2160 1339 2209; x_wconf 85' lang='lat' dir='ltr'>accurateque</span> <span class='ocrx_word' id='word_1_258' title='bbox 1387 2154 1668 2198; x_wconf 84' lang='lat' dir='ltr'>intellexisse.</span> 
     </span>
     <span class='ocr_line' id='line_1_35' title="bbox 307 2209 1668 2269; baseline 0.003 -19"><span class='ocrx_word' id='word_1_259' title='bbox 307 2209 463 2264; x_wconf 87' lang='lat' dir='ltr'>Itaque</span> <span class='ocrx_word' id='word_1_260' title='bbox 493 2209 768 2265; x_wconf 79' lang='lat' dir='ltr'>Alcibiades,</span> <span class='ocrx_word' id='word_1_261' title='bbox 807 2212 876 2253; x_wconf 89' lang='lat' dir='ltr'>his</span> <span class='ocrx_word' id='word_1_262' title='bbox 915 2210 1162 2253; x_wconf 89' lang='lat' dir='ltr'>dialectices</span> <span class='ocrx_word' id='word_1_263' title='bbox 1204 2210 1371 2266; x_wconf 83' lang='lat' dir='ltr'>laqueis</span> <span class='ocrx_word' id='word_1_264' title='bbox 1415 2226 1461 2254; x_wconf 90' lang='lat' dir='ltr'>se</span> <span class='ocrx_word' id='word_1_265' title='bbox 1491 2211 1668 2269; x_wconf 84' lang='lat' dir='ltr'>expedi-</span> 
     </span>
     <span class='ocr_line' id='line_1_36' title="bbox 307 2267 1668 2323; baseline 0.003 -16"><span class='ocrx_word' id='word_1_266' title='bbox 307 2272 452 2320; x_wconf 80' lang='lat' dir='ltr'>turus,</span> <span class='ocrx_word' id='word_1_267' title='bbox 491 2267 753 2323; x_wconf 81' lang='lat' dir='ltr'>respondet,</span> <span class='ocrx_word' id='word_1_268' title='bbox 795 2268 878 2311; x_wconf 84' lang='lat' dir='ltr'>etsi</span> <span class='ocrx_word' id='word_1_269' title='bbox 918 2268 1071 2310; x_wconf 90' lang='lat' dir='ltr'>harum</span> <span class='ocrx_word' id='word_1_270' title='bbox 1100 2282 1242 2309; x_wconf 88' lang='lat' dir='ltr'>rerum</span> <span class='ocrx_word' id='word_1_271' title='bbox 1272 2267 1437 2314; x_wconf 89' lang='lat' dir='ltr'>nullum</span> <span class='ocrx_word' id='word_1_272' title='bbox 1455 2267 1668 2317; x_wconf 87' lang='lat' dir='ltr'>habuerit</span> 
     </span>
     <span class='ocr_line' id='line_1_37' title="bbox 307 2323 1664 2380; baseline 0.003 -17"><span class='ocrx_word' id='word_1_273' title='bbox 307 2323 589 2379; x_wconf 86' lang='lat' dir='ltr'>magistrum,</span> <span class='ocrx_word' id='word_1_274' title='bbox 630 2329 774 2366; x_wconf 90' lang='lat' dir='ltr'>tamen</span> <span class='ocrx_word' id='word_1_275' title='bbox 815 2340 840 2366; x_wconf 90' lang='lat' dir='ltr'>a</span> <span class='ocrx_word' id='word_1_276' title='bbox 869 2324 1022 2380; x_wconf 92' lang='lat' dir='ltr'>populi</span> <span class='ocrx_word' id='word_1_277' title='bbox 1053 2323 1334 2365; x_wconf 88' lang='lat' dir='ltr'>multitudine</span> <span class='ocrx_word' id='word_1_278' title='bbox 1363 2338 1412 2366; x_wconf 89' lang='lat' dir='ltr'>se</span> <span class='ocrx_word' id='word_1_279' title='bbox 1443 2323 1664 2379; x_wconf 84' lang='lat' dir='ltr'>didicisse,</span> 
     </span>
     <span class='ocr_line' id='line_1_38' title="bbox 339 2378 1664 2436; baseline 0.002 -16"><span class='ocrx_word' id='word_1_280' title='bbox 339 2378 417 2420; x_wconf 89' lang='lat' dir='ltr'>uid</span> <span class='ocrx_word' id='word_1_281' title='bbox 455 2379 649 2422; x_wconf 87' lang='lat' dir='ltr'>iustitiae</span> <span class='ocrx_word' id='word_1_282' title='bbox 690 2382 942 2434; x_wconf 87' lang='lat' dir='ltr'>conveniat,</span> <span class='ocrx_word' id='word_1_283' title='bbox 967 2379 1083 2436; x_wconf 75' lang='lat' dir='ltr'>&#39;quid</span> <span class='ocrx_word' id='word_1_284' title='bbox 1115 2380 1154 2421; x_wconf 93' lang='lat' dir='ltr'>ei</span> <span class='ocrx_word' id='word_1_285' title='bbox 1184 2380 1534 2436; x_wconf 62' lang='lat' dir='ltr'>repugnet.⁵&#39;At</span> <span class='ocrx_word' id='word_1_286' title='bbox 1555 2394 1664 2423; x_wconf 74' lang='lat' dir='ltr'>vero</span> 
     </span>
    </p>

    <p class='ocr_par' dir='ltr' id='par_1_4' title="bbox 346 2436 1663 2494">
     <span class='ocr_line' id='line_1_39' title="bbox 346 2436 1663 2494; baseline 0.002 -18"><span class='ocrx_word' id='word_1_287' title='bbox 346 2440 518 2477; x_wconf 83' lang='lat' dir='ltr'>ocrates</span> <span class='ocrx_word' id='word_1_288' title='bbox 557 2437 767 2492; x_wconf 89' lang='lat' dir='ltr'>populum</span> <span class='ocrx_word' id='word_1_289' title='bbox 806 2437 964 2480; x_wconf 88' lang='lat' dir='ltr'>malum</span> <span class='ocrx_word' id='word_1_290' title='bbox 998 2442 1150 2479; x_wconf 86' lang='lat' dir='ltr'>censet</span> <span class='ocrx_word' id='word_1_291' title='bbox 1175 2436 1367 2480; x_wconf 84' lang='lat' dir='ltr'>iustitiae</span> <span class='ocrx_word' id='word_1_292' title='bbox 1392 2451 1493 2486; x_wconf 82' lang='lat' dir='ltr'>esse</span> <span class='ocrx_word' id='word_1_293' title='bbox 1525 2437 1663 2494; x_wconf 85' lang='lat' dir='ltr'>magi-</span> 
     </span>
    </p>
   </div>
   <div class='ocr_carea' id='block_1_4' title="bbox 325 2550 566 2557">
    <p class='ocr_par' dir='ltr' id='par_1_5' title="bbox 325 2550 566 2557">
     <span class='ocr_line' id='line_1_40' title="bbox 325 2550 566 2557; baseline 0 413"><span class='ocrx_word' id='word_1_294' title='bbox 325 2550 566 2557; x_wconf 95' lang='lat' dir='ltr'> </span> 
     </span>
    </p>
   </div>
   <div class='ocr_carea' id='block_1_5' title="bbox 374 2614 1660 2750">
    <p class='ocr_par' dir='ltr' id='par_1_6' title="bbox 374 2614 1660 2750">
     <span class='ocr_line' id='line_1_41' title="bbox 374 2614 1660 2658; baseline 0.002 -11"><span class='ocrx_word' id='word_1_295' title='bbox 374 2615 407 2656; x_wconf 90' lang='lat'>*)</span> <span class='ocrx_word' id='word_1_296' title='bbox 439 2614 551 2648; x_wconf 79' lang='lat' dir='ltr'>Nemo</span> <span class='ocrx_word' id='word_1_297' title='bbox 590 2618 680 2648; x_wconf 82' lang='lat' dir='ltr'>enim</span> <span class='ocrx_word' id='word_1_298' title='bbox 714 2619 866 2650; x_wconf 85' lang='lat' dir='ltr'>Athenis</span> <span class='ocrx_word' id='word_1_299' title='bbox 903 2619 1025 2650; x_wconf 70' lang='lat' dir='ltr'>aetatis</span> <span class='ocrx_word' id='word_1_300' title='bbox 1052 2629 1173 2656; x_wconf 78' lang='lat' dir='ltr'>causa,</span> <span class='ocrx_word' id='word_1_301' title='bbox 1200 2619 1279 2653; x_wconf 86' lang='lat' dir='ltr'>dum</span> <span class='ocrx_word' id='word_1_302' title='bbox 1309 2627 1351 2649; x_wconf 84' lang='lat' dir='ltr'>ex</span> <span class='ocrx_word' id='word_1_303' title='bbox 1375 2617 1518 2658; x_wconf 80' lang='lat' dir='ltr'>ephebis</span> <span class='ocrx_word' id='word_1_304' title='bbox 1543 2626 1660 2649; x_wconf 84' lang='lat' dir='ltr'>exces-</span> 
     </span>
     <span class='ocr_line' id='line_1_42' title="bbox 443 2661 1657 2705; baseline 0.002 -13"><span class='ocrx_word' id='word_1_305' title='bbox 443 2661 560 2702; x_wconf 85' lang='lat' dir='ltr'>sisset,</span> <span class='ocrx_word' id='word_1_306' title='bbox 594 2663 789 2703; x_wconf 88' lang='lat' dir='ltr'>prohibitus</span> <span class='ocrx_word' id='word_1_307' title='bbox 825 2670 892 2703; x_wconf 77' lang='lat' dir='ltr'>est,</span> <span class='ocrx_word' id='word_1_308' title='bbox 925 2665 1109 2705; x_wconf 87' lang='lat' dir='ltr'>quominus</span> <span class='ocrx_word' id='word_1_309' title='bbox 1148 2664 1283 2704; x_wconf 84' lang='lat' dir='ltr'>publice</span> <span class='ocrx_word' id='word_1_310' title='bbox 1308 2663 1414 2694; x_wconf 88' lang='lat' dir='ltr'>verba</span> <span class='ocrx_word' id='word_1_311' title='bbox 1437 2663 1578 2694; x_wconf 81' lang='lat' dir='ltr'>faceret.</span> <span class='ocrx_word' id='word_1_312' title='bbox 1626 2674 1657 2694; x_wconf 88' lang='lat' dir='ltr'>v.</span> 
     </span>
     <span class='ocr_line' id='line_1_43' title="bbox 442 2707 1183 2750; baseline 0.003 -12"><span class='ocrx_word' id='word_1_313' title='bbox 442 2707 696 2740; x_wconf 71' lang='lat' dir='ltr'>Schfimann.</span> <span class='ocrx_word' id='word_1_314' title='bbox 745 2709 799 2740; x_wconf 87' lang='lat' dir='ltr'>De</span> <span class='ocrx_word' id='word_1_315' title='bbox 826 2709 951 2740; x_wconf 84' lang='lat' dir='ltr'>Comit.</span> <span class='ocrx_word' id='word_1_316' title='bbox 979 2721 1010 2750; x_wconf 91' lang='lat' dir='ltr'>p.</span> <span class='ocrx_word' id='word_1_317' title='bbox 1045 2711 1106 2744; x_wconf 70' lang='lat'>105</span> <span class='ocrx_word' id='word_1_318' title='bbox 1133 2720 1183 2750; x_wconf 86' lang='lat' dir='ltr'>sq.</span> 
     </span>
    </p>
   </div>
   <div class='ocr_carea' id='block_1_6' title="bbox 350 2763 892 2799">
    <p class='ocr_par' dir='ltr' id='par_1_7' title="bbox 350 2763 892 2799">
     <span class='ocr_line' id='line_1_44' title="bbox 350 2763 892 2799; baseline 0.004 -5"><span class='ocrx_word' id='word_1_319' title='bbox 350 2763 402 2799; x_wconf 69' lang='grc'>**)</span> <span class='ocrx_word' id='word_1_320' title='bbox 435 2763 472 2794; x_wconf 88' lang='lat' dir='ltr'>P.</span> <span class='ocrx_word' id='word_1_321' title='bbox 504 2763 574 2797; x_wconf 74' lang='lat'>106.</span> <span class='ocrx_word' id='word_1_322' title='bbox 604 2767 647 2796; x_wconf 85' lang='lat' dir='ltr'>A.</span> <span class='ocrx_word' id='word_1_323' title='bbox 678 2785 717 2790; x_wconf 73' lang='lat'>--</span> <span class='ocrx_word' id='word_1_324' title='bbox 749 2766 820 2798; x_wconf 60' lang='lat'>109.</span> <span class='ocrx_word' id='word_1_325' title='bbox 854 2765 892 2796; x_wconf 84' lang='lat' dir='ltr'>C.</span> 
     </span>
    </p>
   </div>
  </div>
 </body>
</html>
