1742 2970
297 246 377 286 202
676 240 1161 285 PROLEGOMENA
1194 243 1248 284 ad

297 356 412 399 dum'
444 361 620 411 censet,
662 355 875 411 siquidem
924 355 1018 413 ipse
1069 355 1188 398 nulla
1218 370 1270 397 ex
1300 360 1421 413 parte
1450 354 1531 399 fflo
1555 370 1642 398 me-

296 414 379 456 lior
398 412 469 467 sit,
501 412 584 454 nisi
606 412 724 468 quod
754 413 930 455 meliore
959 418 1108 455 uta-tur
1128 418 1272 455 tutore
1301 427 1437 468 quam
1455 411 1646 455 Posiae.

296 470 452 524 Itaque
493 484 608 511 nunc
652 484 702 511 ea
738 469 976 512 instituitur
1007 468 1270 525 disputatio,
1309 468 1426 511 unde
1448 467 1648 512 :Alcibia-

298 526 395 568 dem
433 531 615 582 apparet
642 541 696 568 ne
726 525 835 568 illud
866 525 1040 581 quidem
1069 526 1311 582 intelligere
1329 558 1341 580 ,
1386 523 1648 580 quibusnam

297 583 342 624 in
374 582 503 625 rebus
534 582 615 624 sibi
644 582 953 624 elaborandum
985 583 1066 636 sit,
1105 588 1154 624 ut
1190 582 1246 623 ad
1276 582 1483 624 maiorem
1510 581 1648 627 virtue

297 646 386 682 tem
426 644 468 681 et
505 639 766 694 sapientiam
806 639 1044 704 perveniat.
1113 637 1350 694 Cupimus,
1391 637 1647 696 1110111180-

298 701 463 749 crates,
508 710 637 749 quam
678 695 828 751 optim1
866 695 972 737 fieri.
1049 699 1112 737 At
1155 700 1341 749 quanam
1377 695 1422 736 in
1460 699 1552 736 arte
1587 695 1651 737 ita

298 752 424 795 nobis
454 751 535 793 erit
565 751 902 794 elaborandum?
954 751 1209 807 Respondet
1236 751 1331 793 ille:
1362 751 1414 793 In
1444 765 1496 793 ea
1513 756 1648 805 certe,

300 824 386 864 qua
426 807 530 850 boni
571 808 653 849 viri
692 808 923 851 excellunt.
998 808 1111 850 Tum
1161 807 1252 850 hic:
1324 808 1388 850 At
1437 822 1652 863 quaenam

299 866 384 907 ista
414 864 512 906 est?
559 865 645 906 Ars
684 879 827 907 rerum
856 863 1096 920 prudenter
1125 863 1412 921 gerendarum
1441 869 1486 906 et
1513 863 1651 906 admi-

299 919 635 963 nistrandarum.
702 919 792 962 Sed
833 935 944 975 quae
985 919 1161 962 tandem
1199 935 1269 963 res
1297 919 1651 977 intelliguntur?

298 976 500 1018 nimirum
531 975 585 1017 de
615 976 737 1031 equis
769 975 1011 1030 domandis,
1044 975 1098 1018 de
1128 977 1313 1019 navibus
1340 974 1652 1034 gubernandis,

302 1032 356 1074 de
396 1031 635 1074 sarciendis
674 1032 969 1087 vestimentis,
1004 1033 1189 1088 aliisque
1218 1031 1263 1075 id
1294 1046 1433 1088 genus
1460 1032 1654 1090 negotiis

302 1095 420 1132 certe
460 1103 601 1130 sermo
645 1103 739 1131 esse
781 1104 869 1130 non
908 1088 1093 1131 videtur.
1106 1120 1117 1125 J
1161 1087 1357 1130 Tandem
1398 1087 1654 1139 adolescens

302 1146 515 1187 honorum
547 1145 854 1201 cupidissimus
884 1161 930 1187 se
961 1160 1034 1187 eas
1064 1161 1132 1187 res
1163 1144 1406 1201 intelligere
1435 1145 1511 1200 ait,
1542 1159 1655 1200 quae

301 1202 547 1258 pertineant
576 1201 632 1244 ad
668 1201 932 1258 reipublicae
965 1201 1395 1257 administrationem,
1455 1199 1653 1245 Cui-So-

304 1263 465 1301 crates:
525 1259 672 1301 Easne
720 1259 854 1315 igitur
903 1258 1037 1312 dicis,
1099 1258 1256 1313 quibus
1306 1258 1654 1314 aegrotantibus,

304 1314 588 1367 metentibus,
646 1320 721 1356 aut
758 1313 877 1356 aliud
916 1314 1021 1370 quid
1067 1314 1324 1357 facientibus
1370 1313 1656 1370 praesumus?

304 1373 377 1414 Ad
403 1371 511 1412 haec
541 1371 634 1413 ille:
693 1371 798 1413 Non
837 1372 943 1413 istas
983 1370 1157 1426 quidem
1188 1370 1310 1424 dico,
1354 1369 1546 1424 sedeas
1572 1373 1657 1427 po—x

289 1428 417 1481 ,tius,
461 1428 618 1482 quibus
657 1427 853 1470 homines
898 1428 1186 1469 communiter
1233 1426 1411 1482 aliquid<
1445 1427 1656 1470 facientes

303 1499 455 1541 regere
494 1491 539 1526 et
575 1483 790 1526 moderari
820 1484 1022 1526 solemus.
1088 1484 1225 1540 ErgO,
1253 1483 1400 1538 ¹inquit
1441 1483 1528 1538 ille,
1560 1484 1656 1539 qui·-
1716 1515 1718 1517 ·

305 1541 386 1583 bus
416 1541 699 1597 navigantes,
730 1546 960 1594 canentes,
993 1541 1201 1584 saltantes
1229 1539 1526 1591 moderannum
1556 1555 1658 1582 nam

305 1597 351 1638 hi
381 1602 499 1638 certe
529 1611 677 1639 omnes
707 1596 873 1638 faciunt
900 1598 1079 1653 negotia
1107 1612 1186 1639 sua
1215 1596 1515 1639 communiter.·
1572 1594 1658 1638 Oui

305 1652 580 1695 Alcibiades:
638 1653 819 1695 Minime
856 1668 984 1707 vero,
1015 1653 1177 1709 inquit3
1221 1652 1309 1695 sed‘
1330 1651 1550 1708 eosxdic‘o,
1579 1653 1659 1711 qui

304 1709 421 1751 vitae
451 1709 592 1751 civilis
624 1709 931 1751 communitate
961 1709 1251 1753 continentur.
1311 1709 1399 1751 Hic
1417 1731 1419 1734 ⁴
1438 1723 1542 1752 vero
1573 1707 1656 1752 So-

306 1772 446 1808 crates
477 1765 620 1808 denuo
649 1766 912 1822 interrogat,
951 1781 1138 1820 quanam
1175 1764 1351 1808 tandem
1375 1763 1474 1808 arte
1511 1765 1659 1808 civilia

304 1822 485 1878 negotia
506 1821 872 1865 administrentur.
920 1821 1171 1878 Respondet
1189 1821 1444 1871 adolescens
1464 1821 1513 1863 id
1529 1821 1658 1875 unice

305 1878 421 1920 bono
461 1878 643 1920 consilio
687 1878 816 1920 effici.
893 1878 1066 1920 Verum
1102 1877 1306 1923 Socrates
1354 1878 1441 1920 isto
1481 1877 1659 1934 quidem

308 1933 570 1976 adminiculo
605 1935 734 1976 etiam
767 1935 810 1976 in
843 1935 937 1977 aliis
967 1935 1159 1992 negotiis
1190 1934 1395 1991 gerendis
1423 1944 1540 1990 opus.
1561 1949 1658 1981 esse

305 1997 475 2045 monet,
519 1991 705 2046 ideoque
744 1992 1037 2034 necessarium
1076 1990 1244 2042 videri,
1277 1997 1325 2032 ut
1363 1990 1463 2035 finis
1492 1991 1585 2034 eius
1615 1997 1659 2032 01

305 2048 578 2103 propositum
606 2048 652 2089 in
682 2047 966 2103 gubernanda
1004 2048 1227 2104 republica
1246 2046 1658 2090 χ01110111181101111111,-

305 2109 391 2145 tur.
450 2103 605 2157 Itaque
646 2104 717 2145 ille
753 2105 858 2146 boni
888 2104 1057 2145 consilii
1087 2103 1199 2145 hanc
1227 2103 1321 2145 vult
1350 2112 1444 2155 esse
1474 2102 1578 2157 vim,
1605 2109 1659 2147 ,ut

306 2159 557 2213 respublica
595 2166 639 2201 et
708 2166 852 2201 eratur
888 2160 1040 2201 melius
1081 2165 1124 2204 et
1159 2159 1656 2202 facilius-conservetur.

307 2213 408 2266 Quo
448 2221 626 2270 accepto
667 2176 893 2258 Socrates:
952 2215 1071 2268 Quid
1103 2231 1206 2271 ergo
1238 2221 1318 2268 est,
1351 2215 1514 2271 inquit,-
1538 2215 1659 2271 quod

307 2270 507 2312 civitates
572 2272 767 2313 continet
829 2277 959 2325 atque
1016 2271 1190 2313 servat?
1258 2271 1515 2327 Respondet
1561 2272 1656 2314 ille:

306 2327 513 2368 Amicitia
543 2333 673 2382 atque
694 2327 929 2369 concordia
959 2328 1129 2370 civium.
1191 2327 1280 2370 Sed
1300 2331 1486 2382 quonam
1510 2327 1654 2382 modo,

305 2383 448 2437 inquit
478 2381 698 2437 Socrates,
731 2383 837 2426 haec
860 2384 1047 2425 efficitur
1077 2391 1120 2425 et
1150 2384 1378 2426 servatur?
1437 2382 1520 2426 Qui
1551 2383 1656 2426 ado-

305 2439 493 2482 lescens:
533 2439 652 2481 Fieri
690 2440 774 2482 hoc
810 2440 871 2481 ita
900 2446 1072 2496 potest,
1105 2441 1141 2482 si
1174 2442 1358 2496 quisque
1378 2439 1546 2493 ciyium
1577 2454 1658 2482 sua

306 2495 483 2552 negotia
520 2501 694 2540 tractat.
753 2495 841 2539 Sed
882 2512 936 2538 ne
976 2497 1087 2538 hanc
1129 2497 1302 2551 quidem
1331 2496 1655 2552 responsionem

309 2550 511 2594 Socrates
554 2552 822 2607 probandam
863 2553 1099 2605 existimat,
1143 2560 1372 2609 propterea
1423 2551 1541 2607 quod
1577 2553 1653 2594 ubi

310 2623 389 2650 sua
417 2608 602 2663 quisque
643 2610 819 2665 negotia
860 2616 977 2665 agat,
1019 2609 1235 2652 dissensio
1273 2615 1478 2663 nascatur
1522 2616 1653 2663 atque

310 2663 541 2706 discordia.
611 2665 697 2707 Hic
740 2681 840 2707 vero
880 2665 1131 2708 Alcibiades
1169 2681 1316 2708 rursus
1355 2679 1406 2706 eo
1437 2663 1651 2706 deductus

310 2727 397 2774 est,
437 2726 485 2762 ut
514 2735 635 2763 suam
676 2721 769 2776 ipse
799 2723 1086 2778 ignorantiam
1117 2723 1386 2764 confiteatur.
1447 2715 1652 2763 Socrates

308 2783 451 2819 tamen
479 2793 577 2829 veum
609 2777 871 2832 cohortatur,
904 2795 956 2821 ne
989 2778 1041 2820 de
1074 2794 1118 2821 se
1145 2779 1365 2835 desperet,
1398 2775 1474 2818 sed
1505 2777 1653 2832 potius
