1742 2970
303 169 359 229 μ
810 164 1144 208 PLA'roms

300 294 437 323 rerum
484 282 631 322 fluxum
668 281 1007 334 agitationemque
1049 282 1279 334 significari.
1345 282 1498 325 Contra
1531 284 1634 327 nanc

296 341 422 393 igitur
450 339 687 378 senteutiam
707 338 897 379 Socrates
925 338 1025 378 haec
1053 338 1242 391 disputat.
1301 340 1379 390 Qui
1404 342 1526 382 rebus
1553 356 1633 396 po-

298 398 381 438 suit
408 397 582 444 nomina,
625 396 777 448 inquit,
813 397 848 434 is
877 395 958 434 hoc
984 396 1100 435 unice
1130 409 1275 449 agens,
1310 399 1417 449 quod
1445 399 1524 451 ipsi
1551 395 1633 440 fuit

296 454 575 507 propositum,
611 466 747 492 rerum
783 453 862 492 vim
900 456 1161 505 naturamque
1197 467 1275 494 non
1308 455 1525 508 diligenter
1561 457 1632 496 ob-

297 511 492 552 servavit:
522 523 597 550 nec
622 510 814 562 profecto
835 510 975 562 xmagni
1003 511 1196 550 momenti
1224 515 1312 560 est,
1352 506 1462 563 quod
1487 512 1633 553 dicitur

296 569 454 608 nomina
484 567 678 619 pleraque
708 567 839 606 omnia
865 566 915 606 ad
943 566 1050 606 idem
1081 567 1248 607 tendere
1274 567 1415 618 videri,
1443 569 1523 610 hoc
1552 575 1633 619 est,

295 638 433 665 rerum
455 624 768 664 vicissitudinem
789 627 1021 676 motumque
1040 624 1236 664 indicare:
1266 624 1307 664 id
1333 627 1438 665 enim
1470 639 1548 679 per
1566 639 1633 666 er-

293 694 429 722 rorem
459 682 515 721 ita
535 681 719 720 accidere
748 682 896 733 potuit.
954 680 1018 720 Ad
1034 680 1113 720 hoc
1135 680 1311 731 accedit,
1340 683 1446 734 quod
1463 684 1634 736 plurima

291 740 414 779 etiam
443 739 701 790 reperiuntur
735 738 945 785 vocabula,
984 751 1085 789 quae
1121 750 1202 778 non
1235 743 1389 779 motum
1417 740 1490 780 sed
1519 742 1634 793 quie·

292 800 377 836 tem
396 795 550 834 ‘rerum
597 793 838 845 significant.
915 791 1058 835 Veluti
1109 795 1329 844 scientiae,
1375 793 1630 852 ἐπιστήμης,

291 864 439 893 nomen
473 854 615 903 aperte
656 863 679 889 a
716 847 847 890 standi
890 851 1016 890 verbo
1052 849 1270 892 formatum
1304 856 1382 892 est.
1446 851 1508 893 Ex
1549 867 1630 907 quo

290 907 534 950 concludere
577 905 718 947 licebit
753 904 955 947 nominum
991 911 1198 948 auctorem
1241 907 1544 962 haudquaqaum
1588 911 1630 951 in

295 979 345 1006 ea
374 966 504 1006 fuisse
545 965 769 1013 sententia,
807 968 854 1003 ut
891 964 1022 1004 omnia
1063 964 1193 1004 fluere
1229 965 1492 1010 existimaret.
1547 966 1630 1015 Sed

289 1024 400 1077 quod
425 1023 547 1074 longe
576 1022 854 1074 gravissimum
883 1025 961 1069 est,
984 1022 1181 1072 premitur
1206 1020 1308 1062 haec
1335 1023 1538 1064 sententia
1563 1025 1631 1064 in-
1681 1060 1687 1066 ,

289 1081 394 1134 signi
434 1079 690 1120 difficultate.
746 1077 847 1118 Nam
876 1079 911 1118 si
940 1079 1154 1118 statuimus
1181 1091 1204 1118 a
1231 1080 1456 1120 nominibus
1485 1093 1631 1133 perve-

289 1138 367 1178 niri
403 1136 453 1176 ad
488 1137 665 1188 ipsarum
701 1149 837 1175 rerum
865 1136 1159 1191 cognitionem,
1198 1128 1631 1190 sponte-consequuta?

287 1196 463 1249 primum
506 1192 791 1232 vocabulorum
836 1197 1065 1241 auctorem,
1104 1193 1196 1245 quia
1237 1193 1412 1247 nondum
1456 1193 1630 1236 habebat

284 1253 445 1294 nomina
481 1250 655 1302 ideoque
698 1262 767 1288 res
807 1250 894 1289 sine
930 1250 1011 1290 illis
1050 1261 1297 1302 cognoscere
1331 1263 1411 1290 non
1449 1255 1630 1304 poterat,

283 1323 364 1351 non
398 1309 593 1348 scientem
630 1306 704 1346 sed
740 1305 991 1359 ignorantem
1030 1307 1188 1347 nomina
1222 1307 1346 1348 rebus
1371 1308 1628 1361 imposuisse.

280 1368 329 1408 P.
358 1367 455 1406 435.
486 1365 532 1407 C.
562 1386 616 1393 ν
645 1364 742 1405 438.
773 1364 821 1406 Β.

396 1444 441 1485 ln
479 1444 681 1497 angustias
720 1442 954 1494 compulsus
985 1443 1171 1494 Cratylus
1212 1454 1317 1483 nunc
1347 1455 1398 1484 eo
1426 1444 1625 1498 confugit,

282 1509 331 1546 ut
358 1503 516 1544 nomina
555 1500 662 1540 dicat
689 1512 713 1538 a
740 1501 900 1540 numine
927 1500 1154 1540 hominibus
1182 1502 1500 1552 praestantiore,
1538 1504 1624 1543 sive

282 1562 364 1602 deo
403 1561 487 1599 sive
525 1558 720 1597 daemone
744 1557 910 1608 aliquo,
946 1558 1069 1596 rebus
1099 1558 1249 1596 tributa
1278 1570 1382 1598 esse.
1441 1559 1485 1599 Id
1516 1561 1623 1612 quod

282 1618 422 1670 colligi
442 1617 566 1656 licere
595 1615 650 1654 ait
680 1626 728 1652 ex
756 1614 1037 1653 vocabulorum
1059 1626 1148 1653 cum
1177 1615 1299 1654 rebus
1329 1618 1620 1667 convenientia,

283 1688 388 1729 quae
416 1675 629 1712 humanum
667 1674 836 1722 superet
875 1672 1075 1722 ingenium
1103 1668 1160 1724 *).
1218 1671 1302 1710 Sed
1339 1672 1442 1711 hanc
1472 1686 1618 1714 conve-

281 1735 460 1774 nientam
490 1734 642 1769 tantam
685 1740 780 1766 esse
809 1727 997 1782 Socrates
1026 1740 1104 1766 uon
1134 1728 1331 1768 concedit.
1385 1729 1520 1770 Multa
1543 1743 1619 1770 vo-

281 1789 448 1836 cabula,
490 1787 639 1837 inquit,
670 1798 692 1825 a
720 1788 855 1834 motu,
897 1784 1024 1824 multa
1054 1785 1173 1824 etiam
1202 1798 1226 1824 a
1255 1785 1393 1837 quiete
1421 1788 1617 1839 originem

278 1860 397 1891 suam,
421 1846 669 1886 invenerunt.
725 1842 786 1880 Ex
816 1853 894 1894 quo
919 1842 1192 1892 consequitur,
1221 1842 1328 1893 quod
1356 1846 1492 1884 tamen
1520 1856 1616 1883 cre-

276 1905 381 1945 dere
407 1901 523 1943 nefas
565 1904 652 1949 est,
694 1899 813 1939 deum
850 1898 972 1938 istum
1010 1899 1092 1938 sive
1130 1899 1362 1939 daemonem
1401 1902 1616 1953 pugnantia

277 1961 497 2008 statuisse,
524 1957 721 2009 siquidem
752 1956 817 1995 his
845 1955 1050 1996 vocabulis
1079 1956 1209 1995 omnia
1236 1959 1280 1996 et
1306 1957 1437 1997 fluere
1464 1962 1508 1998 et
1526 1955 1614 1999 'non

275 2020 406 2060 fluere
435 2015 665 2062 declaravit.
723 2012 770 2052 P.
799 2013 895 2053 438.
923 2013 958 2051 B
990 2034 1039 2042 -
1070 2011 1120 2052 D.

388 2098 471 2138 Iam
499 2107 620 2146 quum
651 2093 849 2132 incertum
879 2093 954 2140 sit,
983 2092 1111 2142 inquit
1140 2091 1351 2141 Socrates,
1380 2093 1509 2133 utrius
1537 2106 1609 2146 ge-

272 2156 383 2198 neris
420 2154 579 2195 uomina
614 2162 708 2194 sese
743 2153 860 2189 recte
899 2148 1096 2199 habeant,
1131 2153 1286 2189 tantum
1314 2149 1450 2200 abest,
1487 2154 1533 2191 ut
1560 2164 1609 2192 ea

271 2285 536 2302 --————--

315 2379 354 2423 0)
377 2377 506 2411 Mirum
537 2372 965 2453 εεῐτριζοῗοῐὲιᾌῐὶιιιξξςῐῇὶ
979 2372 1269 2453 queirgptinionerji³
1289 2374 1332 2453 {le
1355 2346 1480 2452 ᾱιὲξῦιη
1490 2366 1602 2453 ιΖῙῗὸηἳ

411 2433 530 2455 uarum
566 2433 585 2453 o
609 2432 679 2462 igin
872 2432 883 2451 ι
970 2431 1014 2460 ug
1077 2431 1123 2452 u.
1163 2430 1194 2453 v.
1269 2431 1290 2453 u
1320 2445 1327 2452 .
1410 2431 1421 2451 ι
1461 2444 1469 2452 .
1532 2431 1588 2453 oe

385 2435 622 2502 {eaianken
639 2468 747 2498 iiber
771 2466 839 2496 die
862 2466 1214 2497 verschiedenen
1231 2467 1383 2498 Meinu
1398 2475 1506 2507 ngen
1524 2467 1599 2497 der

383 2515 632 2548 Gelehrten
663 2521 756 2543 vom
795 2513 1057 2551 Ursprunge
1095 2513 1170 2543 der
1199 2513 1402 2551 Spu-acha.
1455 2513 1598 2552 magde-

385 2563 475 2601 burg
507 2561 606 2591 1773.
637 2561 670 2590 8.
708 2560 742 2589 et
771 2556 851 2589 Geo.
890 2555 960 2588 Lor
1001 2556 1116 2590 Bauer
1144 2558 1412 2598 Einleitung
1443 2556 1487 2588 in
1527 2557 1597 2588 die

381 2606 614 2640 Schriften
647 2606 721 2635 des
754 2605 795 2636 A.
825 2604 864 2634 Τ.
890 2614 921 2643 p.
948 2604 1000 2634 16.
1027 2605 1070 2633 al.
1119 2604 1184 2635 Sed
1217 2603 1377 2635 nimirum
1401 2601 1595 2642 philosophi

380 2658 415 2685 et
447 2651 596 2691 theologi
629 2658 713 2690 quae
735 2658 839 2688 saepe
861 2648 897 2679 in
926 2649 1063 2687 scriptia
1085 2652 1234 2681 veterum
1259 2650 1395 2687 vident,
1425 2651 1467 2679 e‘a
1490 2657 1534 2678 ne
1558 2648 1592 2679 in

381 2702 530 2730 mentem
555 2696 689 2736 quidem
713 2694 829 2732 venire
858 2700 1003 2735 ponunt
1029 2695 1093 2738 iis,
1125 2696 1183 2735 qui
1213 2695 1311 2727 liberi
1340 2696 1421 2726 aunt
1451 2694 1592 2734 praeiu-

373 2744 495 2786 dicatis
518 2742 754 2784 opinionibus·
