1754 2964
318 200 368 239 16
696 192 1182 266 PROLEGOhslENA
1215 194 1269 235 ad

313 309 586 362 accuratius,
626 314 742 350 certe
783 308 875 350 eius
917 313 1112 349 naturam
1153 306 1264 348 hanc
1307 319 1402 348 esse
1440 276 1664 363 &ndum

313 367 419 419 erit,
460 371 509 407 ut
546 378 627 406 nec
661 379 748 406 una
784 364 954 416 futura,
996 378 1076 405 nec
1118 362 1353 419 praeterita
1390 367 1560 413 tantum
1588 370 1664 406 aut

312 421 563 479 praesentia
601 420 840 478 attingere,
883 419 962 462 sed
991 419 1138 475 potius
1169 419 1314 462 omnia
1343 424 1474 475 atque
1502 425 1664 469 cuncta

313 478 547 535 complecti
567 476 857 520 existimanda
878 477 950 530 sit,
985 475 1349 531 quemadmodum
1379 490 1448 518 ars
1477 473 1665 530 medica,

312 535 604 593 agricultura,
645 534 829 576 scientia
857 533 1079 586 militaris,
1110 548 1199 575 non
1238 531 1295 574 ad
1333 547 1467 575 unum
1495 536 1665 581 tantum

311 591 490 648 aliquod
527 597 698 646 tempus
740 589 824 633 >sed.
871 589 927 631 ad
966 589 1110 631 omnia
1158 594 1356 644 tempora
1404 588 1666 635 referuntur,

310 649 396 692 Est
432 648 545 691 enim
584 662 873 702 unaquaeque
913 646 1096 689 scientia
1135 660 1306 701 semper
1345 644 1496 688 eadem
1533 647 1676 699 atque*

310 720 421 760 una,
464 703 854 760 complectiturque
892 718 962 745 res
1003 708 1047 744 et
1073 702 1240 744 futuras
1268 707 1311 744 et
1339 706 1592 758 praesentes
1622 706 1667 743 et

310 761 583 819 praeteritas,
625 759 842 815 siquidem
882 759 996 814 quid
1017 758 1178 801 bonum
1209 757 1370 814 quidve
1400 757 1561 801 malum
1591 757 1663 810 sit,

310 835 399 862 non
437 834 490 860 ex
519 817 703 874 singulis
734 817 900 859 eventis
941 822 985 858 et
1024 830 1166 857 rerum
1197 814 1549 868 conditionibus,
1585 813 1665 872 sed

311 891 365 917 ex
402 876 608 917 universa
646 874 860 916 bonorum
907 873 1206 926 malorumque
1254 871 1400 927 specie
1450 877 1495 914 et
1529 871 1666 915 forma

311 931 455 973 animo
493 930 704 986 impressa
744 929 1039 985 cognoscitur.
1100 927 1171 970 Ex
1201 942 1288 983 quo
1326 926 1426 977 ‚uid
1457 927 1511 970 de
1541 926 1665 970 forti-

309 987 461 1030 tudine
492 990 801 1040 consequatur,
833 983 959 1027 facile
996 983 1274 1040 perspicitur.
1378 998 1455 1027 aec
1483 984 1598 1027 enim
1628 983 1666 1026 si

311 1043 494 1097 scientia
526 1048 609 1096 est,
640 1041 887 1084 necessario
918 1040 1048 1083 etiam
1079 1054 1223 1082 rerum
1251 1039 1583 1095 praeteritarum
1613 1053 1665 1082 ac

309 1098 605 1158 praesentium
635 1098 818 1140 scientia
848 1096 1061 1138 contineri
1100 1094 1395 1147 existimanda,
1415 1095 1513 1150 erit,
1545 1093 1666 1143 ideo·

351 1171 406 1199 ue
417 1156 535 1199 bona
554 1160 686 1209 atque
716 1153 832 1195 mala
862 1153 1007 1195 omnia
1028 1151 1316 1208 intelligentia
1337 1151 1663 1207 complectetur.

359 1228 411 1255 oc
451 1217 594 1254 autem
635 1210 710 1252 ubi
748 1210 809 1251 ita
839 1209 1118 1251 statuerimus
1135 1240 1148 1262 .‚
1180 1206 1479 1252 fortitudinem
1510 1207 1665 1251 conse-

311 1284 448 1324 quens
480 1273 548 1311 est
576 1273 665 1309 tam
694 1266 781 1308 late
811 1272 978 1323 patere,
1008 1271 1059 1307 ut
1083 1264 1270 1320 denique
1289 1279 1460 1307 omnem
1488 1264 1665 1317 omnino

308 1326 517 1369 virtutem
553 1323 719 1366 ambitu
747 1338 826 1365 suo
857 1320 1216 1378 comprehendat,
1259 1319 1475 1375 siquidem
1503 1320 1559 1375 ei,
1591 1321 1666 1377 qui

310 1382 453 1426 omnia
495 1380 612 1424 bona
640 1379 832 1433 noverit,
874 1389 917 1420 et
948 1378 1065 1421 omni
1094 1376 1223 1420 modo
1255 1375 1474 1432 quomodo
1503 1376 1597 1421 sint*
1621 1382 1666 1418 et

309 1439 456 1481 futura
486 1437 572 1480 sint
601 1442 645 1478 et
665 1435 842 1490 fuerint,
874 1435 1063 1490 itemque
1077 1433 1191 1476 mala
1211 1433 1371 1488 omnia,
1401 1432 1511 1482 nihil
1536 1432 1663 1490 quid,-

310 1510 442 1551 quam
482 1493 540 1536 ad
578 1493 785 1535 virtutem
826 1492 980 1534 deesse
1021 1495 1190 1548 potest,
1221 1495 1271 1532 ut
1299 1489 1416 1532 idem
1444 1495 1531 1533 nec'
1553 1495 1665 1533 tem-'-

307 1550 506 1609 perantia
546 1564 627 1593 nec
664 1549 830 1592 iustitia
869 1563 950 1591 nec
979 1548 1144 1604 pietate
1175 1561 1320 1589 carere
1351 1544 1663 1593 existimandus

309 1608 380 1651 sit.
456 1606 628 1661 Quibus
664 1605 807 1648 verbis
865 1604 1068 1649 Socrates
1116 1603 1347 1646 manifesto
1384 1617 1504 1657 eam,
1553 1613 1664 1658 quae

307 1665 444 1722 ipsius
485 1663 627 1706 animo
667 1661 913 1715 insidebat,
957 1661 1165 1704 scientiae
1208 1674 1228 1702 s
1263 1659 1399 1702 eciem
1445 1658 1661 1717 designat,

308 1735 442 1778 quum
485 1720 638 1763 Nicias
671 1718 779 1761 nihil
807 1718 893 1761 nisi
920 1733 1064 1760 rerum
1093 1716 1219 1759 sormi
1253 1716 1470 1759 olosarum
1497 1728 1550 1759 ac
1574 1729 1663 1763 non

306 1775 687 1820 formidolosarum
733 1775 934 1818 notitiam
982 1789 1064 1817 usu
1108 1773 1334 1816 collectam
1387 1771 1661 1815 intellexerit.

307 1833 402 1876 Iam
438 1848 542 1875 vero
582 1832 652 1875 hic
696 1832 902 1887 quoniam
939 1831 986 1873 in
1027 1828 1327 1887 superioribus
1364 1827 1663 1871 tortitudinem

307 1889 528 1933 concessit
545 1903 676 1930 unam
692 1888 884 1943 'aliquam
914 1887 1145 1932 universae
1163 1884 1339 1942 virtutis
1356 1883 1453 1928 esse
1475 1889 1661 1948 partem,

306 1945 592 1988 subtilissima
614 1943 695 1986 hac
717 1942 913 1986 Socratis
934 1941 1306 1999 argumentatione
1322 1937 1369 1981 id
1389 1938 1663 1993 estimati-,ut

306 2002 346 2044 ei
388 2000 576 2055 denique
617 1998 946 2041 concedendum
983 1998 1063 2051 sit,
1105 1994 1374 2038 fortitudinis
1415 1994 1511 2040 vim,
1533 1999 1661 2037 natu-

306 2070 482 2111 ramque
520 2054 713 2098 nondum
742 2054 795 2096 ab
826 2053 932 2109 ipsis
964 2066 1278 2108 usquequaque
1308 2049 1563 2108 indagatam
1591 2065 1677 2107 sa-⁵

305 2114 418 2156 tisve
446 2117 564 2154 recte
595 2110 818 2154 definitam
848 2123 943 2152 esse
976 2109 1033 2163 *).
1412 2108 1415 2113 ¹

419 2202 504 2245 His
530 2216 634 2244 vero
665 2201 727 2243 ita
757 2199 990 2256 disputatis
1013 2198 1188 2241 Laches
1207 2198 1282 2241 ubi
1310 2197 1487 2240 Niciam
1513 2197 1659 2242 denuo

304 2259 443 2302 acutis
485 2257 745 2314 quibusdam
784 2256 976 2299 dicteriis
998 2254 1155 2312 petiit,
1195 2254 1266 2297 hic
1296 2259 1440 2296 autem
1466 2252 1659 2298 vicissim

304 2315 537 2359 affirmavit
574 2328 668 2357 sese
706 2318 882 2369 postero
911 2318 1108 2367 tempore
1138 2316 1433 2353 correcturum
1463 2325 1586 2365 esse,
1621 2311 1659 2353 si

303 2387 416 2429 quae
455 2372 597 2414 minus
636 2376 753 2413 recte
783 2368 1064 2423 iudicaverit,
1105 2366 1253 2410 audita
1283 2367 1414 2409 etiam
1443 2366 1655 2409 Damonis

303 2429 372 2473 sui
419 2427 617 2471 Prodicii
655 2426 872 2470 sententia
887 2458 899 2480 ,
942 2424 1129 2480 denique
1181 2423 1308 2466 ambo
1359 2422 1427 2466 dis
1461 2424 1655 2467 utatores

304 2484 555 2528 consociato
594 2482 777 2526 consilio
815 2480 1079 2539 Lysimacho
1119 2486 1164 2523 et
1191 2479 1403 2523 Melesiae
1473 2493 1526 2522 oc
1555 2493 1655 2520 sua-

305 2541 495 2586 dendum
524 2555 618 2583 esse
653 2539 932 2592 arbitrantur,
963 2543 1013 2581 ut
1041 2552 1173 2580 unum
1209 2536 1393 2580 maxime
1431 2534 1655 2580 Socratem

372 2743 404 2781 *)
430 2742 469 2773 Ρ.
500 2741 576 2776 196.
603 2743 646 2773 A.
674 2759 717 2765 -
749 2740 823 2776 199.
850 2740 892 2771 E.
