1742 2970
343 218 423 259 338
723 210 1209 256 PROLEGOMENA
1239 211 1295 252 ad

343 326 598 386 praesertim
637 342 769 382 quum
810 326 853 367 in
886 324 1013 367 simili
1043 340 1089 366 re
1118 323 1361 366 defensoris
1392 318 1539 380 potius
1570 335 1699 377 quam

347 383 611 429 accusatoris
640 390 786 439 partes
818 397 945 439 agere
977 380 1344 424 consueverimus.
1537 403 1543 412 =
1612 415 1613 421 ,

458 439 692 483 Ordiamur
733 440 866 496 igitur
905 438 1249 494 disputationem
1292 442 1486 479 nostram
1519 433 1573 476 ab
1604 433 1725 490 ipso·

346 497 446 540 libri
475 503 730 554 argumento
763 496 941 550 eiusque
963 494 1249 547 tractatione,
1279 490 1494 548 siquidem
1521 489 1706 533 multum

348 553 505 608 refert,
545 559 594 595 ut
634 558 734 595 ante
778 553 922 594 omnia
953 551 1141 594 sciamus
1159 583 1170 604 ,
1207 549 1312 606 quid
1342 550 1400 592 sit
1430 545 1549 605 quod
1577 546 1623 589 in
1654 561 1705 588 eo

350 611 590 668 explicetur
618 616 663 652 et
693 625 779 664 quo
808 608 854 650 id
883 607 1015 650 modo
1044 607 1134 649 fiat.

462 666 523 709 Et
558 667 737 709 materia
786 665 961 719 quidem
999 664 1143 721 operis
1182 662 1282 704 talis
1330 666 1422 715 est,
1478 675 1609 717 quam
1669 657 1708 700 si

348 723 598 781 praeclarus
631 723 786 777 aliquis
817 722 1013 765 Socratis
1046 719 1287 776 discipulus
1318 717 1401 761 sibi
1431 714 1707 760 tractandam

353 780 572 832 sumserit,
601 779 803 834 'profecto
834 793 960 820 nemo
990 778 1180 819 miretur.
1242 775 1440 818 Pertinet
1467 774 1582 816 enim
1611 772 1710 814 uni-

352 851 478 879 versa
524 835 762 891 disputatio
812 840 961 890 aperte
1000 849 1074 889 eo,
1114 839 1165 876 ut
1213 829 1457 874 Alcibiadis
1512 828 1710 885 exemplo

354 891 634 944 ostendatur,
675 891 929 946 priusquam
971 890 1077 932 deos
1118 889 1346 932 adoremus
1388 894 1432 930 et
1463 887 1516 931 ab
1546 886 1600 928 iis
1633 883 1709 926 ali-

354 948 461 1005 quid
491 953 706 1004 petamus,
740 947 995 1004 sapientiam
1029 952 1073 988 et
1095 947 1300 988 virtutem
1319 942 1563 999 comparari
1583 956 1711 999 opor-

354 1013 462 1059 tere,
494 1005 530 1047 si
561 1003 736 1060 quidem
766 1004 827 1045 ita
858 1003 1030 1045 demum
1059 1009 1176 1056 tum,
1210 1000 1316 1056 quid
1341 1000 1469 1043 nobis
1499 999 1608 1042 utile
1638 998 1710 1052 sit,

356 1062 506 1105 melius
547 1061 837 1114 intellecturi,
877 1066 970 1102 tum
1011 1059 1093 1102 diis
1124 1058 1234 1115 ipsis
1273 1057 1461 1099 cariores
1491 1056 1627 1098 futuri
1655 1054 1713 1097 si-

355 1133 473 1170 mus3
515 1116 727 1160 orandum
770 1123 915 1159 autem
955 1116 1016 1158 ita
1047 1130 1166 1165 esse,
1201 1120 1248 1156 ut
1277 1114 1323 1155 in
1353 1113 1604 1156 universum
1634 1110 1714 1153 ho-

356 1181 481 1218 nesta
520 1180 651 1229 atque
682 1174 798 1216 bona
829 1179 1106 1228 expetamus,
1152 1177 1298 1214 cetera
1328 1169 1507 1213 deorum
1536 1167 1713 1226 permit-

356 1239 498 1274 tamus
529 1230 720 1273 arbitrio.
1470 1235 1472 1237 '
1554 1272 1555 1275 Ἴ

471 1286 562 1331 Sed
606 1301 854 1342 quanquam
905 1284 1158 1342 principalis
1179 1279 1182 1283 ’
1203 1282 1313 1335 haec
1351 1281 1455 1325 libri
1499 1279 1716 1324 sententia

357 1359 536 1401 prorsus
577 1342 803 1388 Socratica
833 1348 920 1397 est,
964 1348 1107 1384 tamen
1148 1355 1230 1383 nec
1260 1354 1376 1395 quae
1407 1337 1464 1380 ad
1494 1352 1588 1380 eam
1617 1336 1716 1378 illu-

358 1400 580 1443 strandam
623 1398 886 1453 afferuntur,
927 1413 1008 1440 nec
1048 1399 1145 1453 ipsa
1188 1394 1429 1439 disserendi
1467 1394 1578 1436 ratio
1618 1407 1716 1435 cum

358 1458 557 1500 Platonis
588 1472 706 1499 more
739 1462 782 1498 et
809 1454 1123 1498 consuetudine
1155 1458 1441 1510 congruunt,
1468 1451 1532 1493 ita
1569 1455 1618 1492 ut
1647 1449 1717 1497 vel

360 1530 434 1568 ea,
467 1529 578 1569 quae
607 1513 747 1567 prima
775 1513 921 1568 specie
954 1511 1081 1554 alicui
1114 1510 1340 1566 placeant,
1386 1523 1431 1550 re
1463 1506 1716 1564 diligentius

359 1571 604 1627 pensitata,
644 1569 815 1625 vulgari
855 1568 908 1610 de
948 1568 1046 1610 libri
1087 1573 1263 1609 auctore
1303 1563 1546 1608 sententiae.
1587 1562 1717 1605 vehe-

361 1633 526 1669 menter
564 1626 772 1670 officiant.
848 1625 962 1667 Nam
1006 1623 1149 1666 afferri
1194 1622 1438 1678 complures
1478 1619 1717 1663 sententias

362 1683 562 1726 Platonis
605 1682 830 1724 doctrinae
873 1682 975 1723 alibi
1015 1681 1254 1736 explicatae
1294 1679 1445 1733 utique
1478 1676 1718 1729 contrarias

365 1738 938 1783 Schleiermacherus
971 1738 1214 1793 Prolegom.
1246 1734 1301 1777 ad
1330 1733 1549 1781 Alcibiad.
1580 1723 1642 1774 11.
1674 1747 1718 1787 p.

365 1798 447 1839 366
493 1811 582 1851 sq.,
660 1795 859 1837 Astius
914 1794 984 1835 De
1032 1793 1139 1835 Vita
1190 1798 1233 1834 et
1275 1790 1461 1848 Scriptis
1515 1789 1626 1832 Plat.
1675 1804 1717 1844 p.

363 1853 447 1894 442
491 1867 571 1907 sq.,
602 1852 840 1893 Hermann.
870 1849 1221 1893 Histor.Philos.
1253 1849 1366 1890 Plat.
1398 1847 1433 1889 Ι.
1463 1863 1506 1903 pa
1538 1846 1623 1888 420
1653 1859 1718 1899 sq.

367 1909 589 1952 verissime
629 1908 893 1950 iudicarunt.
962 1905 1222 1948 Disserendi
1251 1911 1394 1946 autem
1423 1903 1533 1945 ratio
1566 1901 1720 1944 aPla-

364 1966 481 2008 tonis
510 1971 601 2007 arte
626 1972 668 2006 et
699 1965 892 2007 sollertia
910 1964 1075 2005 ‘mirum
1106 1971 1315 2017 quantum
1338 1960 1569 2015 discrepat·
1628 1958 1720 2000 Ha-

365 2023 440 2065 bet
483 2022 595 2063 enim
631 2021 703 2063 hic
742 2020 941 2077 dialogus
983 2019 1185 2073 diffusam
1216 2024 1260 2060 et
1288 2016 1434 2059 multis
1464 2013 1720 2071 ambagibus

365 2077 705 2122 circumductam
754 2076 1117 2132 disputationem,
1160 2089 1270 2130 quae
1322 2071 1506 2116 subinde
1542 2069 1722 2112 incertis

365 2141 549 2191 vagatur
586 2134 838 2190 regionibus
879 2139 922 2174 et
953 2147 978 2173 a
1006 2132 1232 2188 proposito
1262 2130 1347 2171 fine
1376 2129 1506 2184 longe
1536 2127 1720 2169 aberrat.

366 2190 586 2244 Quorsum
614 2190 804 2245 pertinet
834 2189 1014 2230 maxime
1045 2187 1168 2240 illud,
1201 2186 1320 2241 quod
1348 2182 1594 2227 Alcibiadis
1624 2197 1722 2225 sen·

364 2247 504 2288 tentia
533 2246 689 2287 iterum
720 2246 962 2300 iterumque.
993 2244 1227 2297 refellitur,
1267 2258 1354 2285 non
1385 2241 1470 2283 alio
1501 2254 1604 2282 sane
1634 2238 1720 2280 fine

366 2309 410 2345 et
451 2302 698 2358 proposito,
740 2316 870 2356 quam
899 2307 948 2342 ut
992 2299 1168 2346 tandem
1201 2300 1240 2341 ei
1268 2301 1579 2355 extorqueatur
1617 2309 1722 2338 con-

364 2359 497 2402 fessio
528 2358 695 2401 nescire
725 2373 771 2399 se
801 2363 932 2412 atque
962 2357 1187 2414 ignorare,
1235 2354 1342 2411 quid
1371 2355 1397 2398 a
1426 2352 1510 2395 diis
1541 2365 1723 2408 precan-

367 2415 470 2457 dum
511 2415 580 2457 sit.
651 2413 783 2457 Unde
823 2414 897 2467 fit,
940 2420 987 2456 ut
1029 2413 1237 2468 plurimos
1275 2413 1396 2455 locos
1437 2409 1559 2452 salvo
1587 2407 1722 2455 totius

366 2471 673 2527 disputationis
723 2476 977 2527 argumento
1031 2476 1074 2511 et
1129 2469 1314 2512 consilio
1373 2465 1526 2510 tollere
1579 2464 1722 2506 liceat.

365 2528 513 2571 Habet
550 2532 777 2584 praeterea
822 2542 962 2569 sermo
1004 2526 1161 2569 multas
1217 2522 1452 2568 sententias
1488 2535 1577 2564 non
1615 2519 1722 2575 satis

367 2584 571 2627 distincte
616 2583 853 2639 explicatas
894 2583 963 2625 vel
993 2582 1262 2625 subobscure
1293 2588 1538 2639 expressas,
1602 2575 1722 2619 uales

366 2642 413 2683 in
453 2639 571 2683 nullo
616 2639 699 2681 alio
732 2639 929 2682 Platonis
974 2653 1105 2695 opere
1134 2638 1339 2694 reperias.
1400 2633 1552 2678 Habet
1600 2632 1723 2688 ongi-

367 2712 464 2740 ores
505 2695 838 2739 declamationes
891 2695 1087 2750 Socrati,
1144 2695 1251 2736 alias
1297 2691 1542 2735 minutatim
1586 2688 1722 2732 disse-

368 2753 492 2796 rendi
530 2767 690 2796 morem
730 2758 773 2794 et
796 2751 1175 2820 ,consuetudinem
1214 2754 1466 2793 constanter
1507 2745 1720 2801 sequenti,
