1754 2964
562 194 969 240 CHARMIDEM.
1370 201 1452 244 103

84 307 206 352 illius*
235 314 458 364 tamquam
489 308 705 352 elementa
743 309 1062 365 ostendantur,
1105 310 1168 353 ita
1205 317 1369 368 tamen,
1402 319 1454 356 ut

85 380 137 408 ex
166 365 234 409 his
264 365 373 423 ipsis
405 365 623 423 suspicari
652 366 798 422 liceat,
833 367 1007 424 qualem
1026 368 1124 424 ipse
1156 370 1346 427 cogitari
1373 386 1453 414 vo-

82 421 214 466 luerit
250 438 380 466 verae
427 424 744 480 temperantiae
785 425 1021 468 notionem.
1091 423 1240 469 Cuius·
1276 426 1454 482 quidem

82 478 126 521 in
153 479 251 578 ipso
283 479 495 525 sermonis
515 480 745 537 'principio
775 481 1078 525 suavissimam
1118 483 1352 540 imaginem
1395 485 1452 528 ob

39 581 50 588 ,
81 550 165 581 ocu
184 552 234 580 os
275 538 439 594 posuit.
499 536 635 592 Quod
667 539 783 580 enim
815 538 1023 583 Socrates
1064 538 1125 581 ibi
1156 537 1451 596 Charmidem,

81 592 404 638 adolescentem
441 594 829 651 formosissimum,
874 595 1115 639 liberaliter
1145 595 1378 640 educatum
1409 605 1454 641 et

78 649 462 707 modestissimum,
494 658 649 695 censet
679 653 897 709 explorari
928 659 1154 710 oportere,
1186 669 1289 696 num
1320 655 1453 697 etiam

8 720 16 761 ζ
78 707 194 751 intus
234 708 293 751 sit
314 709 441 764 talis,
493 709 638 766 qualis
679 710 826 767 speeie
868 716 1049 752 externa
1091 725 1188 753 esse
1230 710 1450 766 videatur,

16 797 18 799 >
79 780 263 822 eamque
291 766 501 810 virtutem
531 767 833 824 σωφροσύνης
863 767 1040 810 nomine
1072 767 1291 824 appellat,
1322 769 1451 812 facile

75 824 227 879 potest
254 823 496 866 existimari
512 830 621 867 ‘eum
651 823 784 867 talem
815 824 1062 882 intelligere
1084 825 1305 881 virtutem,
1339 841 1451 882 quae

9 912 16 930 »,
76 880 261 933 maxime
290 880 338 923 in
366 880 442 923 illa
470 881 603 924 animi
634 881 823 924 sanitate
854 888 1083 935 cernatur,
1117 881 1290 938 qualem
1321 889 1452 926 antea

75 935 446 993 adumbravimus,
478 938 717 981 accedente
750 938 930 995 quidem
961 938 1092 981 laude
1126 939 1350 982 scientiae.

2 1045 7 1053 ³
132 1019 135 1022 ⁴
188 1010 338 1066 Atque
382 1010 451 1054 his
493 1011 557 1054 ita
596 1012 808 1069 expositis
838 1010 1058 1054 accedere·
1087 1011 1240 1055 licebit
1270 1012 1327 1054 ad
1357 1011 1452 1055 dia-

4 1071 18 1101 ·'2
74 1065 166 1124 logi
202 1068 550 1122 enarrationem,
591 1084 678 1124 qua
709 1069 912 1112 absoluta
943 1068 1072 1111 simul
1107 1069 1235 1111 etiam
1267 1072 1451 1126 appare-

4 1125 18 1182 ἐξ
74 1123 156 1180 bit,
189 1139 277 1181 quo
308 1125 402 1175 iure
431 1125 562 1168 huius
592 1125 695 1168 libri
726 1125 840 1168 fides
872 1130 916 1168 et
947 1125 1203 1168 auctoritas
1223 1141 1366 1183 nuper
1395 1127 1450 1170 ab

1 1206 32 1222 μιν
74 1181 242 1224 Asti'o
272 1187 318 1224 et
347 1181 603 1226 Sochero
632 1183 679 1232 in
710 1182 1030 1226 dubitationem
1060 1188 1220 1225 vocata
1251 1183 1324 1226 sit.

187 1239 407 1314 Dialogus
427 1261 495 1300 est
516 1254 851 1313 διηγηματικός.
912 1255 1077 1299 Narrat
1108 1256 1223 1299 enim
1244 1255 1451 1300 Socrates

73 1312 362 1362 familiaribus
400 1313 665 1370 quibusdam
695 1313 749 1356 do
781 1313 1029 1368 colloquio,
1064 1312 1184 1368 quod
1212 1313 1450 1370 aliquando

0 1388 3 1420 j
74 1370 129 1414 ab
169 1369 452 1427 expeditione
491 1369 538 1413 in
577 1371 812 1414 Thraciam
858 1376 1066 1427 suscepta
1104 1386 1308 1414 reversus
1351 1386 1451 1414 cum

21 1459 23 1461 -
53 1426 216 1471 Critia
251 1433 383 1484 atque
424 1426 687 1482 Charmide,
738 1428 831 1471 eius
871 1427 1094 1485 patruele,
1143 1428 1302 1471 iuvene
1351 1429 1450 1485 pul-

73 1484 288 1528 cherrimo
305 1490 363 1528 =et
389 1484 727 1541 modestissimo,
758 1485 1014 1528 instituerit.

16 1611 19 1617 ,
170 1563 280 1607 'Vix
313 1570 606 1620 reverteram,
637 1565 808 1621 inquit,
848 1563 1077 1619 Athenas,
1125 1579 1260 1620 quum
1297 1565 1450 1608 solitas

16 1623 20 1671 J
72 1631 278 1680 repetens
310 1622 669 1666 conversationes
690 1624 898 1666 'Taureae
928 1621 1194 1679 palaestram
1223 1622 1449 1679 ingressus

16 1695 18 1698 ’
73 1692 184 1723 sum».
257 1678 352 1724 Ubi
391 1694 526 1735 quum
567 1695 636 1722 me
666 1679 902 1723 familiares
931 1679 1017 1721 mei
1048 1679 1450 1722 consalutavissent

11 1766 18 1782 ,-
73 1751 125 1779 ac
156 1735 212 1779 de
241 1734 374 1783 rebus
399 1736 530 1792 >bello
561 1737 699 1795 gestis
741 1751 924 1793 meaque
954 1736 1134 1779 fortuna
1164 1742 1312 1779 essent
1341 1736 1451 1779 scis-

73 1793 242 1850 citati,
267 1791 449 1837 consedi
479 1793 715 1849 aliquando
757 1794 882 1836 iuxta
919 1792 1135 1844 Critiam‚
1180 1791 1452 1836 Callaeschri

71 1848 232 1906 filium,
291 1857 337 1901 et
389 1850 632 1909 paullisper
679 1866 779 1895 cum
828 1850 914 1893 illis
971 1850 1278 1892 confabulatus
1339 1865 1448 1892 sum.

10 1940 17 1954 f
74 1906 274 1951 Tandem
313 1914 392 1951 eos
430 1907 702 1968 interrogavi
743 1908 876 1950 etiam
922 1906 978 1949 de
995 1906 1314 1973 ‚philosophiae
1346 1922 1451 1949 con-

9 1997 12 2014 ζ
73 1962 241 2008 ditione
265 1963 408 2020 deque
427 1964 678 2019 iuvenibus,
711 1965 788 2021 qui
806 1964 878 2006 vel
912 1963 1129 2022 sapientia
1157 1964 1227 2006 vel
1256 1963 1450 2020 pulchri-

7 2019 16 2050 4
72 2021 246 2065 tudine·
272 2022 347 2065 vel
384 2019 573 2078 utraque
605 2022 735 2065 simul
763 2027 938 2079 praeter
967 2028 1139 2065 ceteros
1171 2020 1449 2064 excellerent.

73 2079 178 2132 Hic>
199 2078 346 2122 statim
391 2077 573 2123 Critias:
613 2079 686 2122 En
723 2079 934 2134 iuvenes,
980 2077 1148 2135 inquit,
1189 2077 1452 2135 palaestram

74 2135 312 2181 intrantes!
354 2135 469 2178 inter
538 2152 623 2180 uos
662 2142 730 2180 est
758 2135 834 2178 ille
863 2135 985 2193 ipse,
1048 2134 1095 2178 ui
1123 2150 1241 2178 nunc
1272 2135 1326 2177 ab
1358 2151 1450 2177 om-

73 2192 204 2239 nibus
245 2192 378 2251 longe
416 2193 519 2250 pulc
554 2194 737 2237 errimus
766 2193 969 2236 habetur.
1019 2152 1115 2236 (iist
1144 2192 1216 2235 hio
1248 2190 1450 2234 Charmi-

13 2274 15 2278 .
76 2249 180 2306 des,
221 2248 484 2305 Glauconis,
510 2251 657 2308 patrui
685 2250 787 2306 mei,
818 2250 953 2305 filius,
986 2265 1116 2307 quem
1146 2249 1335 2292 fortasse
1365 2249 1452 2291 iam

77 2307 180 2350 olim
208 2307 327 2350 nosti
355 2305 502 2350 ‘adhuc
530 2308 776 2364 puerulum.
835 2307 898 2350 Et
909 2323 1019 2362 ‚vero
1053 2322 1136 2364 ego
1169 2306 1326 2350 eximia
1345 2305 1451 2348 ado-

15 2418 17 2422 Α
76 2364 283 2410 lescentis
316 2363 586 2408 formositate
612 2365 893 2408 vehementer
914 2363 1144 2422 perculsus
1177 2379 1288 2418 sum,
1321 2378 1451 2418 quem

77 2437 160 2465 nec
199 2421 338 2465 ceteri*
372 2421 466 2464 sine
504 2421 792 2465 admiratione
835 2422 1132 2466 intuebantur.
1204 2419 1451 2477 Cupiebam

76 2480 215 2536 igitur
244 2478 383 2533 scire,
415 2478 628 2534 numquid
647 2480 704 2522 in
733 2495 911 2522 recessu
942 2479 1125 2522 haberet
1156 2476 1277 2533 quod
1307 2478 1451 2519 fronte

77 2536 367 2594 promitteret,
399 2534 484 2582 hoc
514 2541 604 2590 est,
638 2552 725 2592 quo
759 2542 875 2580 esset
903 2535 1081 2594 ingenio
1113 2540 1157 2577 et
1187 2533 1450 2590 quarerudi-

12 2644 13 2649 Ἰ
78 2594 214 2639 tione:
256 2591 554 2647 ‘Quamquam
584 2593 712 2636 facile
742 2602 943 2651 poteram
975 2591 1191 2649 suspicari
1222 2606 1343 2644 eum,
1376 2589 1453 2644 qui

81 2666 106 2694 e
131 2656 268 2709 gente
295 2649 478 2694 ,Solonis
508 2655 640 2706 atque
671 2649 838 2694 Critiae
869 2656 987 2705 esset
1025 2647 1263 2700 oriundus,
1304 2661 1452 2703 parem

81 2711 382 2765 cum—‘genere
422 2705 558 2749 animi
596 2707 869 2754 nobilitatem
902 2707 1167 2751 habiturum.
1234 2705 1296 2746 Et
1333 2703 1453 2745 affir-

0 2764 11 2810 ἴ
80 2763 228 2808 mahat
266 2764 359 2822 ipse
402 2763 564 2808 Critias
596 2779 706 2808 eum.
735 2780 871 2821 quum
901 2764 996 2808 aliis
1026 2760 1286 2807 eruditionis
1315 2760 1451 2817 parti-
