1742 2970
304 231 387 272 200
693 223 1181 269 PROLEGOMENA
1213 224 1268 265 ad

307 346 438 395 atque
474 339 745 383 honestatem
789 338 959 395 seiungi
998 353 1023 380 a
1052 352 1098 379 se
1128 336 1314 379 invicem
1344 340 1476 392 atque
1505 334 1655 382 divelli

306 409 438 451 posse
473 395 529 450 ²⁸).
586 396 670 439 His
711 395 959 452 explicatis,
998 393 1127 435 etiam
1163 392 1248 435 alia
1286 391 1565 449 subiungitur
1592 391 1655 434 rei

307 450 647 505 demonstratio,
687 453 916 494 manifesto
956 456 1100 492 tamen
1141 448 1273 492 ducta
1316 448 1391 490 illa
1419 463 1474 492 ex
1500 447 1656 493 verbo-

307 522 402 549 rum
431 508 726 565 ambiguitate.
786 507 875 562 Qui
906 508 1014 562 bene
1039 506 1147 564 agit,
1179 506 1322 562 inquit
1352 504 1584 559 Socrates,
1617 504 1655 547 is

307 564 464 606 beatus
503 570 581 606 est.
639 562 957 606 Enimvero-⁸11³
989 566 1195 620 πράττειν
1236 568 1434 620 apertum
1472 566 1555 605 est⁴
1577 559 1657 603 du-

307 619 412 676 plici
445 620 765 677 significatione
792 619 1014 676 intelligi,
1054 626 1103 661 ut
1142 619 1197 662 sit
1234 626 1279 662 et
1307 623 1426 662 recte
1455 630 1586 675 agere
1615 622 1660 659 et

308 690 519 732 prospera
556 677 620 719 uti
657 677 844 719 fortuna.
915 675 1004 719 Sed
1033 674 1117 717 hoc
1148 674 1486 731 significationis
1508 671 1660 716 discri-

309 732 424 774 mine
454 733 656 789 neglecto
687 732 890 776 Socrates
918 733 980 774 ita
1008 731 1153 788 pergit
1171 730 1435 774 ratiocinari.
1495 729 1659 772 Beatus

309 788 385 843 qui
414 787 594 844 dicitur,
616 790 672 832 >is
709 789 814 832 boni
855 788 1018 846 gaudet
1045 787 1334 843 possessione.
1391 785 1514 842 Ergo
1542 791 1660 829 recte

309 858 439 900 agere
479 845 643 887 bonum
681 852 760 888 est.
835 845 960 888 Idem
996 859 1100 886 vero
1142 843 1270 887 etiam
1299 843 1529 886 honestum
1558 855 1660 884 cen-

310 908 442 941 setur.
499 900 657 956 Itaque
687 902 850 943 bonum
889 907 931 942 et
959 900 1187 942 honestum
1215 899 1298 941 hac
1329 914 1415 955 quo
1447 913 1502 940 ue
1533 913 1662 954 argu-

310 955 572 999 mentatione
610 973 744 999 unum
780 957 982 1012 idemque
1012 970 1107 998 esse
1138 955 1366 1002 evincitur.
1415 991 1417 994 ⁴
1444 980 1446 983 v
1475 970 1518 997 m
1555 969 1660 997 vero

310 1010 473 1053 bonum
511 1013 615 1054 utile
647 1019 736 1067 est,
789 1013 989 1068 idemque
1033 1018 1161 1054 antea
1197 1011 1385 1054 vidimus
1433 1010 1564 1065 etiam
1608 1009 1663 1053 de

310 1066 427 1109 iusto
457 1068 640 1111 iudicari
670 1075 885 1126 oportere.
944 1068 1013 1111 Ex
1043 1083 1130 1123 quo
1165 1073 1346 1125 apparet
1380 1065 1665 1110 iustitiam

311 1123 377 1165 ab
417 1124 682 1167 utilitate
730 1141 836 1168 non
886 1140 1006 1167 esse
1061 1124 1392 1178 seiunctam,
1442 1137 1524 1179 nec
1568 1122 1663 1165 fieri

309 1193 501 1234 unquam
540 1196 692 1237 posse,
742 1188 791 1224 ut
826 1182 991 1225 iustitia
1034 1195 1113 1236 per
1147 1195 1193 1222 se
1234 1181 1431 1237 spectata
1478 1178 1664 1222 subinde

309 1235 423 1277 mala
453 1236 510 1278 sit
538 1238 624 1293 '¹‘*).
1119 1245 1124 1250 ’

427 1291 612 1335 Fatetur
654 1294 740 1336 iam
791 1293 1045 1337 Alcibiades
1087 1308 1132 1336 se
1180 1298 1400 1348 tamquam
1448 1292 1663 1349 vertigine

311 1353 558 1404 correptum
598 1350 780 1393 mirifice
820 1350 982 1392 iudicio
1023 1365 1102 1392 suo
1130 1348 1354 1392 fluctuare.
1415 1347 1550 1403 Quod
1580 1347 1664 1393 So-

312 1409 453 1447 crates
484 1412 787 1463 argumentum
815 1406 1016 1449 inscitiae
1049 1407 1110 1448 ait
1140 1420 1251 1460 esse,
1283 1404 1499 1461 siquidem
1529 1404 1591 1448 de·
1609 1405 1664 1448 iis

310 1460 467 1516 rebus,
508 1477 615 1519 quas
658 1469 733 1505 aut
768 1468 890 1506 certo
931 1462 1289 1520 cognoverimuS,
1330 1467 1408 1504 aut
1457 1460 1664 1506 didicisse

309 1515 436 1558 nobis
475 1533 563 1560 non
599 1525 760 1562 temere
798 1518 1046 1574 videamur,
1084 1534 1173 1560 non
1201 1518 1417 1562 soleamus
1446 1517 1666 1576 ambigere
1693 1550 1699 1552 μ

309 1572 580 1630 multumque
630 1575 849 1618 dubitare:
896 1575 1141 1632 arrogantis
1195 1580 1341 1616 autem
1393 1589 1444 1621 ao
1487 1574 1665 1633 superbi

312 1641 451 1683 esse,
481 1645 532 1672 ea
567 1632 745 1674 novisse
779 1631 863 1674 sibi
902 1631 1071 1685 videri,
1119 1645 1232 1686 quae
1280 1645 1434 1673 revera
1479 1631 1662 1675 nescias.

308 1682 436 1727 Illam
478 1697 623 1729 tamen
660 1687 876 1730 inscitiam
915 1688 1106 1733 omnium
1136 1687 1436 1743 turpissimam
1459 1688 1665 1733 maxime-

310 1754 395 1794 que
441 1743 614 1785 noxiam
667 1742 923 1798 arbitratur,
972 1744 1009 1786 si
1056 1744 1154 1799 quis
1204 1744 1287 1786 sibi
1325 1743 1437 1786 scire
1466 1742 1666 1787 videatur

308 1810 381 1851 res
418 1812 597 1856 magnas
643 1806 776 1855 atque
813 1814 999 1857 graves,
1044 1815 1151 1856 quas
1190 1814 1343 1842 revera
1371 1800 1571 1843 nesciat(
1611 1800 1665 1848 In

308 1850 463 1895 harum
493 1861 634 1897 autem
664 1871 843 1898 numero
872 1856 1056 1898 maxime
1083 1855 1307 1899 habendas
1325 1870 1421 1899 esse
1453 1855 1662 1912 iustitiae,
1705 1854 1709 1858 ’

308 1907 635 1966 pulcritudinis,
666 1912 907 1955 honestatis
938 1918 981 1954 et
1011 1912 1212 1955 utilitatis
1241 1913 1449 1967 rationes,
1480 1928 1665 1969 quarum

311 1965 386 2028 qui
424 1966 482 2009 sit
517 1968 772 2025 imperitus,
819 1984 917 2011 eum
953 1983 1106 2011 revera
1134 1969 1180 2011 in
1209 1969 1490 2012 maximarum
1518 1985 1662 2012 rerum

308 2024 557 2076 ignorantia
592 2025 770 2067 versari.
847 2026 1002 2081 Itaque
1056 2025 1288 2067 Alcibia
1305 2025 1422 2067 dem
1475 2025 1662 2081 denique

309 2079 896 2137 gravitervituperat,
920 2081 1067 2136 quod
1097 2081 1391 2123 multorum
1419 2081 1663 2137 aliorum

306 2136 752 2229 perversitatem
806 2138 1064 2179 imitatus
1109 2137 1266 2193 prius
1328 2136 1393 2178 ad
1438 2153 1659 2195 rempu-

346 2186 511 2231 llcam
551 2192 817 2234 accedere
861 2191 1214 2247 decreverit,
1257 2207 1414 2248 quam
1447 2209 1658 2247 ,eorum

309 2241 547 2300 adeptus
586 2247 659 2289 sit
697 2249 1017 2302 scientiam,
1070 2264 1206 2304 quae
1255 2248 1320 2290 ad
1359 2249 1661 2307 gerendam

306 2302 707 2357 rempublicam
736 2305 1068 2347 necessario
1099 2305 1483 2360 requirantur.
1541 2306 1658 2349 Nam

307 2353 391 2418 hoc
434 2372 681 2413 quanquam
709 2361 993 2417 plurimorum
1023 2361 1081 2403 sit
1110 2362 1279 2416 vitium,
1311 2377 1336 2404 a
1367 2376 1454 2418 quo
1485 2377 1543 2405 ne
1572 2362 1657 2405 Pe-

306 2410 433 2476 neles
463 2414 637 2469 quidem
674 2431 853 2472 prorsus
893 2417 1059 2459 alienus
1097 2418 1309 2460 mansisse
1338 2418 1561 2472 videatur,
1607 2425 1659 2462 ut

308 2480 383 2532 qiu
411 2470 625 2513 neminem
643 2472 774 2515 alium
791 2473 972 2515 reddere
1001 2475 1193 2530 potuerit
1222 2473 1478 2530 prudentem
1508 2490 1559 2517 ac
1589 2490 1658 2517 sa—

306 2531 518 2587 pientem,
555 2532 700 2570 tamen
738 2529 949 2571 eiusmodi
988 2545 1082 2572 esse
1114 2537 1288 2585 censet,
1330 2537 1380 2574 ut
1408 2531 1453 2573 in
1483 2531 1656 2574 homine

307 2594 493 2636 ingenuo
522 2583 747 2627 ferendum
777 2601 865 2627 non
895 2586 951 2628 sit
980 2586 1079 2640 ***).

374 2683 412 2722 *)
440 2684 477 2715 Ρ.
505 2683 579 2717 113.
606 2684 645 2716 C.
673 2703 714 2710 —-
746 2686 818 2719 116.
846 2688 891 2718 Α.

358 2728 411 2765 **)
437 2729 477 2761 P.
504 2728 581 2763 116.
606 2731 650 2762 A.
678 2749 720 2755 —
746 2731 791 2762 D.

330 2774 399 2814 ***)
431 2774 469 2807 P.
501 2774 572 2810 116.
598 2775 643 2807 D.
672 2793 709 2799 —
743 2777 815 2811 119.
846 2779 888 2809 Α.
