1754 2964
350 222 429 265 102
731 215 1219 261 PROLEGOMENA
1251 216 1306 258 ad

347 332 492 376 Praei.
526 331 581 374 ad
609 330 848 374 Lachetem
878 329 1135 384 monuimus,
1165 328 1342 372 vocavit
1367 325 1478 370 recti
1506 325 1700 380 honesti-

349 405 433 444 que
473 387 766 445 cognitionem
806 402 903 429 cum
939 391 1056 428 certa
1097 384 1232 428 officii
1276 382 1559 441 persuasione?
1596 397 1701 426 con-

348 446 567 499 iunctam,
605 443 793 499 ideoque
830 443 985 497 talem,
1026 448 1097 497 ut,
1142 456 1252 497 quae
1292 440 1407 484 bona
1445 445 1490 482 et
1517 438 1701 482 honesta

349 501 625 555 viderentur,
658 515 709 542 ea
737 501 833 556 ipso
863 514 991 555 opere
1022 498 1263 554 perficeret.
1323 494 1700 550 Quemadmodum

352 558 467 600 enim
507 557 563 599 ad
601 557 820 599 actionum
859 556 1130 597 honestatem
1167 553 1413 596 necessario
1450 552 1559 594 recti
1598 566 1699 594 con-

350 614 575 657 scientiam
613 613 775 668 requiri
820 613 1018 665 censuit,
1066 612 1126 654 ita
1171 626 1252 652 nec
1301 609 1392 651 veri
1437 608 1701 663 honestique

349 671 646 727 cognitionem
683 669 820 711 voluit
857 669 1027 711 actione
1046 682 1242 720 vacare,
1275 666 1479 721 quoniam
1503 667 1700 719 'utraque

352 726 526 768 demum
568 726 801 768 coniuncta
837 725 1010 767 virtutis
1049 724 1146 766 laus
1177 723 1474 766 absolveretur
1514 727 1559 764 et
1597 736 1701 763 con-

350 788 647 825 summaretur.
717 781 937 835 Quocirca
981 780 1108 822 facile
1148 786 1329 836 apparet
1373 779 1419 821 vi
1458 783 1502 820 et
1527 776 1702 820 >ambitu

350 839 601 883 Socraticae
640 836 935 894 σωφροσύνης
971 837 1117 893 plures
1145 838 1331 879 virtutes
1368 841 1575 890 tanquam
1602 849 1702 891 par-

350 901 416 937 tes
438 895 530 937 eius
553 895 782 945 contineri3
813 899 863 936 ut
891 892 1134 935 mirandum
1149 908 1237 935 non
1268 892 1324 935 sit
1345 891 1498 933 harum
1527 890 1702 933 nomina

351 950 535 993 subinde
578 965 674 992 cum
704 951 799 1006 ipsa
830 948 1097 1007 σωφροσύνῃ
1137 955 1359 1004 tamquam
1390 947 1603 990 universo'
1625 962 1702 1004 ge-

351 1022 453 1048 nere
508 1012 550 1048 et
592 1007 787 1063 copulari
827 1009 881 1048 ‘et
930 1004 1180 1062 permutari.
1258 1003 1492 1058 Quorsumv
1515 1003 1703 1060 pertinet

350 1063 376 1113 ἡ
408 1062 686 1116 ζιὶϋημωσύνη
718 1069 762 1105 et
791 1066 1056 1115 κωσμιότηςε
1084 1060 1200 1103 unde
1219 1059 1448 1103 Phaedon.
1477 1075 1522 1117 p.
1551 1060 1620 1103 83.
1646 1060 1701 1102 Ε.

349 1120 528 1176 Protag.
560 1136 601 1176 p.
635 1120 731 1162 322.
765 1117 816 1161 C.
846 1119 903 1160 D.
935 1117 1061 1174 Gorg
1101 1134 1143 1174 p.
1183 1117 1279 1159 506.
1309 1116 1364 1158 E.
1387 1130 1492 1172 sqq.
1516 1116 1569 1172 roi
1598 1115 1698 1159 κόσ-

347 1193 445 1231 μιοι
491 1182 563 1218 καὶ
593 1175 821 1235 σώφρονες
850 1180 1164 1226 memorantur3
1207 1189 1337 1230 porro
1376 1172 1402 1225 ἡ
1434 1173 1625 1229 εὐταξία,
1656 1179 1700 1216 et

351 1232 376 1284 ἡ
407 1231 662 1286 ἐγκράτεια,
706 1247 792 1286 qua
831 1232 902 1274 vel
941 1229 1127 1273 maxime
1166 1229 1596 1286 temperantiae-vim
1624 1245 1702 1287 pa-

347 1288 488 1330 tefieri
523 1289 758 1345 putabant,
797 1288 843 1329 id
882 1287 1000 1343 quod
1031 1303 1054 1329 e
1084 1287 1240 1329 Xeno
1293 1286 1336 1328 h.
1365 1286 1500 1328 Mem.
1538 1285 1626 1328 ΙΙΙ.
1657 1288 1699 1340 9.,

348 1347 389 1387 4.
422 1346 503 1388 [V.
536 1346 574 1387 5.
606 1345 750 1387 Plat.
782 1345 925 1401 Legg.
956 1360 998 1400 p.
1029 1345 1124 1399 710.
1154 1343 1211 1385 A.
1243 1303 1467 1399 lghaedon.
1496 1357 1539 1399 p.
1560 1343 1626 1386 69.
1647 1341 1697 1385 C.

300 1421 304 1428 ¹
348 1401 627 1458 intelligitur3
668 1401 854 1456 denique
890 1400 1071 1443 scientia
1111 1399 1202 1442 sive
1238 1398 1266 1452 ἡ
1306 1398 1555 1457 φρόνησις.
1585 1413 1700 1454 quae

349 1458 554 1513 quoniam
598 1464 664 1500 est
692 1457 1004 1514 temperantiae
1034 1456 1171 1499 veluti
1198 1461 1336 1498 mater
1350 1461 1494 1511 'atque
1521 1467 1700 1512 parens,

347 1514 464 1556 haud
503 1529 601 1556 raro
639 1530 717 1570 pro
757 1514 1024 1571 σωφροσύνῃ
1065 1518 1352 1566 memoratur,
1393 1527 1504 1568 quae
1534 1517 1601 1556 est
1630 1527 1701 1561 sa:-

347 1570 513 1626 pientia
542 1571 587 1612 in
617 1570 897 1613 moderandis
927 1569 1155 1612 affectibus
1190 1574 1234 1611 et
1251 1568 1567 1626 cupiditatibus
1594 1583 1700 1611 oon-

348 1627 513 1690 spicua.
574 1625 849 1682 Quamquam
879 1625 1100 1682 φρόνησις
1136 1625 1266 1667 etiam
1294 1626 1448 1669 latiore
1477 1622 1701 1682 significa-

346 1688 464 1726 t1one
496 1699 521 1724 a
552 1682 787 1726 Socraticis
815 1682 934 1725 dicta
963 1689 1043 1725 est.
1367 1728 1369 1732 ,
1459 1716 1462 1718 -
1513 1704 1534 1729 ·.
1584 1710 1604 1718 2
1672 1724 1676 1727 .

462 1740 523 1781 Et
552 1739 661 1782 haec
690 1738 866 1795 quidem
894 1745 944 1781 ut
974 1739 1205 1796 diligenter
1233 1743 1483 1792 teneamus,
1513 1738 1698 1781 maxime

346 1796 639 1841 necessarium
666 1802 744 1838 est
774 1795 829 1837 ad
856 1795 1187 1852 intelligendum
1217 1795 1311 1850 eius
1336 1793 1438 1837 libri
1466 1808 1698 1859 argumen-

346 1859 463 1906 tum,
505 1853 579 1907 qui
618 1851 868 1894 Charmidis
907 1851 1146 1908 inscriptus
1188 1856 1255 1893 est
1291 1851 1488 1905 nomine,
1520 1865 1576 1893 -1n
1608 1866 1698 1906 quo

343 1909 456 1951 libro
487 1909 550 1950 ita
579 1908 633 1950 de
662 1909 706 1951 vi
736 1914 779 1950 et
798 1913 955 1950 natura
984 1925 1059 1959 της
1086 1906 1383 1964 σωφρυσύνης
1407 1906 1532 1951 disce
1563 1912 1697 1961 tatur,

345 1971 395 2007 ut
422 1965 631 2021 pleraque
662 1965 805 2007 onmia
833 1979 856 2006 e
885 1964 1051 2006 ratione
1078 1963 1305 2009 Socratica
1331 1962 1516 2007 iudican,
1541 1972 1577 2007 a·
1595 1962 1695 2006 sint.

345 2021 622 2076 Quamquam
651 2036 739 2063 non
768 2020 815 2062 id
844 2021 889 2062 in
920 2036 971 2062 eo
1001 2021 1159 2076 agitur,
1191 2025 1240 2061 ut
1270 2019 1463 2063 Socratis
1480 2020 1698 2065 sententia

294 2075 296 2078 ’
346 2077 400 2120 de
430 2077 513 2118 hac
551 2077 712 2119 virtute
751 2082 954 2132 suscepta
984 2077 1098 2118 clare
1130 2082 1173 2117 et
1202 2076 1430 2132 perspicue
1459 2075 1694 2131 aperiatur,
1746 2077 1751 2080 χ

345 2132 562 2187 siquidem
597 2131 728 2174 simili
765 2132 894 2174 modo
925 2138 1057 2187 atque
1087 2133 1132 2174 in
1165 2131 1356 2188 Lyside,
1394 2131 1576 2188 Hippia,
1600 2131 1695 2180 La-

346 2188 495 2242 chete,
558 2189 653 2230 fieri
701 2188 994 2242 meminimus,
1050 2188 1159 2230 illud
1223 2188 1369 2244 potius
1422 2188 1695 2244 propositum

345 2245 549 2300 scriptori
579 2250 668 2297 est,
712 2250 775 2298 ut,
815 2244 916 2286 dum
947 2251 1102 2301 arguta
1133 2244 1360 2286 dialectica
1397 2259 1475 2300 per
1503 2245 1694 2287 facetum

341 2300 574 2343 ludibrium
613 2300 806 2342 adhibita
842 2301 1046 2357 vulgares
1103 2301 1324 2343 hominum
1361 2301 1405 2342 in
1447 2300 1694 2344 iudicandis

345 2357 751 2413 cognoscendisque
779 2356 1013 2399 virtutibus
1045 2372 1210 2400 errores
1241 2363 1447 2399 notantur
1467 2372 1519 2400 ac
1542 2357 1693 2412 'riden-

343 2418 415 2454 tur
442 2413 724 2469 inprimisque
763 2412 946 2455 docetur
986 2413 1105 2468 ipsos
1157 2429 1208 2456 eo
1246 2414 1336 2455 fere
1366 2412 1692 2470 ‹le-temperan-

342 2469 404 2511 tia
435 2484 603 2524 errare‚
646 2469 766 2524 quod
807 2469 878 2511 vel
920 2469 1113 2526 singulas
1156 2470 1248 2511 eius
1283 2475 1436 2526 'partes
1464 2475 1512 2513 et
1526 2471 1691 2518 formas

342 2540 502 2580 easque
538 2540 597 2575 ne
630 2531 747 2567 recte
780 2524 953 2580 quidem
991 2526 1244 2568 informatas
1273 2541 1354 2583 pro
1378 2526 1584 2579 universo
1615 2541 1691 2582 ge-

341 2596 444 2623 nere
474 2582 804 2637 amplectantun-
835 2582 904 2623 vel
935 2582 1160 2625 scientiam
1191 2582 1247 2624 ad
1276 2598 1369 2624 eam
1398 2581 1688 2631 necessariam

340 2652 582 2694 perperamv
604 2637 795 2679 referant
834 2637 890 2679 ad
918 2653 1061 2680 rerum
1099 2635 1687 2696 singularumcog‘nitionem

342 2693 650 2749 doctrinaeque
688 2694 882 2750 copiam,
923 2708 1063 2749 neque
1103 2693 1158 2737 de
1208 2694 1380 2746 honesti
1417 2694 1688 2739 conscientia

342 2750 564 2805 officiique
593 2750 874 2807 persuasione
905 2751 1097 2807 cogitare
1129 2751 1314 2804 soleant,
1346 2749 1488 2797 obiter
1515 2754 1699 2794 tantum
