1742 2970
0 0 14 33 Ι
157 0 344 112 W

461 192 990 249 *enarrans
1289 175 1291 178 ’
1364 195 1421 239 17

50 313 214 358 taudem
242 312 491 367 Protagoras
518 311 609 365 ipse
638 309 692 350 de
719 311 921 350 nominum
957 314 1050 348 ortu
1083 311 1313 351 censuerit.
1346 311 1408 346 θ’»-

49 379 145 417 teor
181 385 260 413 una
294 373 529 413 coniectura
566 367 777 411 nitendum
813 379 932 416 esse,
972 371 1019 407 ut
1055 365 1109 409 de
1147 368 1225 411 bac
1252 381 1301 412 re
1328 369 1409 413 ali·

49 430 145 485 quid
178 434 360 471 eruatur.
415 427 560 482 Neque
601 430 740 469 tamen
769 438 838 469 res
866 427 923 467 ita
955 428 1021 468 est
1049 425 1232 470 difficilis
1262 433 1305 471 et
1333 430 1409 473 im-

50 488 218 543 pedita,
262 492 309 528 nt
346 498 515 540 prorsus
562 486 603 524 iu
642 486 821 525 tenebris
863 490 1130 526 obern-andum
1174 500 1238 527 sn.
1309 497 1340 528 Α
1370 502 1413 530 m

51 546 230 600 primum
268 545 431 599 quidem
468 555 518 584 ex
551 542 740 582 universa
777 542 852 582 viri
891 542 1206 596 doctrina1=·quid
1237 545 1289 584 de
1319 555 1412 600 ct)-

51 603 233 656 mologia
262 602 452 651 senserit,
482 600 752 654 probabiliter
780 600 976 652 colligere
1005 599 1116 643 licet.
1176 601 1332 642 Deinde
1363 616 1412 643 ex

52 662 147 715 ipso
176 659 345 713 entylo
371 671 441 700 res
469 658 700 700 confirmari
737 662 780 698 et
808 657 1004 698 illustrari
1031 663 1183 710 potest.
1243 659 1416 702 Constat

50 719 162 760 enim
189 717 428 759 Abderitam
471 716 709 770 probavisse
738 715 982 756 sententiam
1025 717 1075 755 ab
1103 715 1316 757 Heraclito
1346 733 1415 759 ac-

0 786 1 798 ³
50 779 239 829 ceptam,
275 788 352 829 qua
381 776 513 815 omnia
543 778 749 827 perpetuo
777 773 942 814 flumine
969 774 1114 826 agitari
1144 776 1414 826 statuebatur,

50 846 145 874 cum
181 845 312 885 eaque
352 833 650 873 consociavisse
677 831 872 880 alteram,
913 842 964 870 ex
1003 844 1080 884 qua
1108 830 1314 873 bominem
1342 847 1412 874 vo-

50 891 166 932 lebat
216 903 311 931 esse
347 903 483 931 rerum
523 891 700 930 omnium
741 901 980 929 mensuram.
1041 890 1172 940 Quum
1213 891 1339 943 igitur
1368 898 1415 932 et

49 949 183 991 fluere
219 948 352 988 omnia
391 949 642 989 existimaret
679 951 724 987 et
760 959 905 987 sensus
942 950 1106 987 nostros
1145 948 1414 990 arbitraretur

50 1018 101 1047 se
125 1005 175 1046 ad
203 1005 308 1050 hanc
335 1018 472 1046 rernm
501 1005 764 1045 mutationem
792 1004 850 1044 ita
876 1003 1197 1054 accommodare,
1227 1011 1273 1046 ut
1301 1019 1414 1047 sem-

52 1076 132 1118 per
161 1066 215 1103 et
231 1063 382 1116 ubique
419 1075 513 1104 cum
540 1062 624 1103 illis
652 1061 933 1111 convenirent,
976 1061 1029 1102 de
1064 1073 1144 1115 quo
1175 1070 1415 1115 argumen⁴o

50 1121 145 1162 vide
172 1120 350 1162 Theaet.
389 1132 433 1174 p.
466 1119 560 1160 151.
589 1119 638 1162 Ε.
667 1143 724 1150 —-
755 1119 852 1162 160.
879 1119 956 1169 1¹3„
990 1118 1083 1159 fieri
1112 1120 1303 1172 profecto
1331 1135 1416 1163 mn

51 1179 215 1233 potuit,
253 1178 350 1231 quin
389 1178 512 1219 etiam
553 1177 712 1218 nomina
750 1189 888 1217 rerum
927 1177 1022 1217 talia
1068 1178 1264 1219 iudicaret
1303 1193 1367 1220 ess·
1398 1207 1417 1231 ‚

53 1235 188 1290 qualia
215 1247 239 1276 a
268 1247 431 1289 quoque
461 1248 584 1276 sensu
613 1240 658 1275 et
685 1235 958 1287 intelligentia
972 1236 1301 1287 perciperentur,
1334 1238 1354 1274 l:
1389 1251 1415 1277 c

40 1299 124 1337 ‚est
153 1292 363 1334 naturalia.
421 1294 557 1346 Atque
594 1292 675 1332 hoc
709 1293 768 1332 ita
796 1305 819 1331 a
847 1291 964 1331 nobis
1000 1297 1114 1331 recte
1144 1295 1286 1332 coniiei
1317 1294 1414 1335 tlu—

53 1365 124 1394 res
163 1350 321 1403 cratyli
356 1351 439 1391 loci
476 1363 556 1392 non
598 1350 773 1391 obscure
812 1352 1034 1391 testantur.
1092 1348 1193 1391 Nam
1235 1352 1413 1406 primum

54 1408 221 1464 quidem
258 1409 315 1448 ita
344 1409 624 1462 perspicitur,
668 1421 742 1447 cur
781 1406 1087 1460 Hermogenes,
1137 1409 1205 1460 qui
1251 1411 1413 1451 nomina

54 1467 188 1508 omnia
212 1465 376 1506 volebat
401 1478 480 1507 usu
508 1469 552 1507 et
580 1466 770 1519 pactione
787 1467 904 1514 nata,
933 1468 1047 1506 tanto
1077 1477 1168 1506 cum
1201 1472 1413 1509 contemtu

53 1524 109 1566 de
147 1523 399 1576 Protagorae
425 1523 678 1565 Vel-itate
715 1522 918 1576 loquatur.
974 1522 1020 1564 ln
1049 1536 1127 1577 qua
1161 1525 1198 1565 si
1226 1526 1415 1580 sophista

53 1581 306 1623 arbitrariam
334 1580 621 1622 vocabulorum
650 1581 847 1633 originem
876 1578 1156 1629 defendisset,
1185 1583 1415 1624 interlocu-

55 1645 125 1682 tor
161 1637 270 1679 haud
318 1639 442 1680 dubie
478 1639 531 1680 de
569 1638 642 1679 illo
691 1650 821 1692 opere
858 1638 980 1678 aliter
1016 1638 1096 1679 fuit
1147 1639 1411 1682 iudicaturus.

55 1695 215 1740 Deinde
252 1708 302 1737 ex
341 1696 420 1737 hac
457 1697 547 1750 ipsa
584 1709 632 1737 re
671 1697 793 1736 etiam
831 1695 932 1735 illud
960 1696 1114 1737 clarum
1142 1703 1209 1738 est
1239 1706 1283 1739 et
1315 1712 1413 1751 per-

55 1756 268 1809 ·picuum,
309 1767 383 1795 cur
405 1767 452 1808 p.
481 1755 579 1795 391.
608 1754 659 1797 A.
694 1753 979 1806 Hermogenes
1008 1767 1032 1793 a
1061 1754 1236 1795 Socrate
1269 1757 1416 1797 iubea-

40 1818 127 1855 tur
156 1811 325 1854 Calliam
351 1812 523 1852 fratrem
553 1812 690 1859 adire,
732 1817 778 1849 nt
822 1811 1041 1851 secundum
1071 1810 1320 1864 Protagorae
1348 1826 1415 1854 ra-

55 1872 210 1911 tionem
241 1870 293 1908 de
310 1869 483 1910 naturali
500 1868 785 1910 vocabulorum
803 1867 959 1922 origine
977 1868 1211 1910 edoceatur.
1268 1870 1417 1913 Enim-

57 1939 158 1968 vero
197 1927 365 1967 Calliam
402 1930 563 1968 constat
597 1939 719 1980 quum
754 1926 844 1966 aliis
882 1926 1078 1980 sophistis
1118 1931 1205 1968 tum
1243 1931 1415 1971 maxime

57 1984 312 2038 Protagorae
340 1983 472 2026 fuisse
500 1983 711 2032 deditum3
741 1983 793 2023 de
822 1996 900 2036 qua
926 1997 973 2024 re
1000 1983 1198 2038 legendus
1226 1990 1293 2037 est
1311 1986 1415 2027 Pro-

59 2047 195 2095 agor.
211 2051 264 2096 p.
293 2041 392 2085 311.
420 2043 470 2083 A.
529 2041 648 2094 Quod
679 2046 816 2082 autem
855 2041 906 2080 de
944 2042 1157 2083 dialectica
1191 2043 1416 2086 Abderitae

62 2100 220 2142 factum
248 2112 342 2140 esse
370 2100 576 2148 novimus,
619 2102 666 2139 ut
695 2100 783 2139 eius
812 2099 1002 2153 discipuli
1033 2113 1120 2140 eam
1150 2102 1418 2142 immoderate

46 2162 311 2212 ,usurparent
341 2162 383 2197 et
412 2157 462 2198 ad
493 2158 623 2197 omnis
652 2157 814 2210 generis
843 2157 967 2198 tricas
997 2163 1040 2197 et
1069 2159 1248 2211 argutias
1277 2161 1417 2200 tradu-

47 2219 226 2264 :cen-ent,
254 2215 306 2255 de
325 2228 402 2267 qua
417 2229 464 2256 re
493 2216 534 2255 iu
555 2214 859 2267 Prolegomenis
890 2215 939 2254 ad
956 2214 1256 2269 Euthydemum
1286 2218 1417 2271 expli·

47 2273 272 2325 ¹‹tabimuu
305 2273 415 2313 idem
453 2274 575 2313 etiam
615 2272 885 2325 etymologiae
923 2274 1154 2326 principiis,
1193 2287 1296 2327 quae
1337 2287 1420 2328 po-

67 2334 231 2379 suerat,
270 2334 426 2379 evcnit,
467 2329 786 2383 quandoquidem
825 2341 873 2368 ex
900 2330 993 2384 ipso
1024 2330 1193 2383 Cratylo
1222 2332 1422 2386 intelligi-

66 2401 161 2430 mus
201 2392 246 2427 et
280 2388 564 2440 cognoscimus
607 2400 700 2428 mox
738 2388 845 2427 inter
881 2389 969 2428 eius
1015 2389 1166 2430 amicos
1215 2391 1424 2432 exstitisse

41 2458 44 2462 ’
70 2445 308 2602 ῃξίιιεριο
340 2444 443 2485 llaec
471 2444 603 2485 studia
632 2452 926 2497 persequentes
953 2458 1036 2486 non
1064 2461 1088 2488 e
1115 2447 1250 2488 verbis
1279 2452 1323 2488 et
1349 2460 1424 2489 no-

52 2527 54 2530 >
151 2510 154 2513 “
197 2507 245 2544 us
280 2504 427 2543 mentis
466 2502 665 2543 humanae
701 2503 888 2543 notiones
930 2503 1083 2544 elicere
1122 2508 1167 2545 et
1202 2505 1425 2555 illustrare,

43 2559 47 2611 ζ
106 2559 116 2569 ”
182 2561 225 2601 in
260 2562 384 2602 verbu
427 2565 469 2601 et
505 2561 664 2600 nomina
699 2573 771 2601 sua
814 2561 896 2613 ipsi
932 2561 1098 2602 decreta
1126 2562 1355 2603 transferre
1384 2562 1433 2602 et

73 2619 136 2659 sic
176 2631 226 2658 ea
260 2618 435 2672 probare
474 2622 517 2658 et
557 2619 798 2658 confirmare
842 2619 1080 2663 niterentur.
1149 2620 1228 2672 Qui
1266 2620 1428 2674 quidem

0 2683 3 2722 j
71 2674 262 2717 hommes
287 2689 312 2716 a
341 2675 513 2716 Platone
548 2676 629 2715 hoc
657 2675 764 2715 libro
791 2675 1039 2717 facetissima
1067 2678 1255 2719 irrisione
1287 2678 1428 2730 exagi-

0 2744 6 2786 1
74 2735 214 2772 tantur
267 2738 389 2786 atque
445 2735 798 2786 perstringuntur,
862 2734 1183 2787 quandoquidem
1241 2736 1428 2788 plurimis

72 2789 241 2842 ineptae
274 2791 545 2845 etymologiae
587 2791 783 2847 exemplis
812 2790 944 2835 ollatls
979 2791 1175 2845 docetur,
1215 2805 1333 2849 quam
1370 2791 1431 2839 illi

134 2858 225 2896 rm.
250 2860 341 2907 0⁹1¹·
364 2860 445 2898 voi.
472 2862 514 2898 v.
539 2861 578 2897 r.
603 2862 646 2896 u.
1081 2861 1112 2905 2
1475 2844 1504 2913 *g
