<?xml version="1.0" encoding="UTF-8"?>
<!DOCTYPE html PUBLIC "-//W3C//DTD XHTML 1.0 Transitional//EN"
    "http://www.w3.org/TR/xhtml1/DTD/xhtml1-transitional.dtd">
<html xmlns="http://www.w3.org/1999/xhtml" xml:lang="en" lang="en">
 <head>
  <title>
</title>
<meta http-equiv="Content-Type" content="text/html;charset=utf-8" />
  <meta name='ocr-system' content='tesseract 3.04.00' />
  <meta name='ocr-capabilities' content='ocr_page ocr_carea ocr_par ocr_line ocrx_word'/>
</head>
<body>
  <div class='ocr_page' id='page_1' title='image "./operaomniarecens05platuoft_0284.png"; bbox 0 0 1742 2970; ppageno 0'>
   <div class='ocr_carea' id='block_1_1' title="bbox 346 213 1209 258">
    <p class='ocr_par' dir='ltr' id='par_1_1' title="bbox 346 213 1209 258">
     <span class='ocr_line' id='line_1_1' title="bbox 346 213 1209 258; baseline -0.002 0"><span class='ocrx_word' id='word_1_1' title='bbox 346 218 428 258; x_wconf 75' lang='lat'><strong>278</strong></span> <span class='ocrx_word' id='word_1_2' title='bbox 823 213 1209 257; x_wconf 85' lang='lat' dir='ltr'>PLATONIS</span> 
     </span>
    </p>
   </div>
   <div class='ocr_carea' id='block_1_2' title="bbox 347 327 1695 456">
    <p class='ocr_par' dir='ltr' id='par_1_2' title="bbox 347 327 1695 456">
     <span class='ocr_line' id='line_1_2' title="bbox 347 327 1695 389; baseline -0.001 -13"><span class='ocrx_word' id='word_1_3' title='bbox 347 333 514 376; x_wconf 82' lang='grc' dir='ltr'><em>τιωτῶν</em></span> <span class='ocrx_word' id='word_1_4' title='bbox 549 332 730 387; x_wconf 78' lang='grc' dir='ltr'><em>βελτίων</em></span> <span class='ocrx_word' id='word_1_5' title='bbox 765 331 825 383; x_wconf 81' lang='grc' dir='ltr'><strong>εἶ,</strong></span> <span class='ocrx_word' id='word_1_6' title='bbox 863 330 960 375; x_wconf 81' lang='grc' dir='ltr'><em>ἀλλ’</em></span> <span class='ocrx_word' id='word_1_7' title='bbox 1007 331 1058 378; x_wconf 85' lang='grc' dir='ltr'><strong>οὐ</strong></span> <span class='ocrx_word' id='word_1_8' title='bbox 1093 329 1204 389; x_wconf 84' lang='grc' dir='ltr'><em>πρὸς</em></span> <span class='ocrx_word' id='word_1_9' title='bbox 1237 328 1341 382; x_wconf 74' lang='grc' dir='ltr'><strong>τοὺςΙ</strong></span> <span class='ocrx_word' id='word_1_10' title='bbox 1376 332 1462 374; x_wconf 79' lang='grc' dir='ltr'><em>τῶν</em></span> <span class='ocrx_word' id='word_1_11' title='bbox 1492 327 1695 380; x_wconf 74' lang='grc' dir='ltr'><em>ἀντιπά-</em></span> 
     </span>
     <span class='ocr_line' id='line_1_3' title="bbox 348 397 1694 456; baseline -0.001 -13"><span class='ocrx_word' id='word_1_12' title='bbox 348 402 436 443; x_wconf 86' lang='grc' dir='ltr'><strong>λων</strong></span> <span class='ocrx_word' id='word_1_13' title='bbox 484 397 703 455; x_wconf 79' lang='grc' dir='ltr'><em>ἡγεμόνας</em></span> <span class='ocrx_word' id='word_1_14' title='bbox 755 397 1046 456; x_wconf 79' lang='grc' dir='ltr'><em>ἀποβλέπειν,</em></span> <span class='ocrx_word' id='word_1_15' title='bbox 1100 398 1234 444; x_wconf 84' lang='grc' dir='ltr'><strong><em>ὁπότε</em></strong></span> <span class='ocrx_word' id='word_1_16' title='bbox 1287 401 1458 442; x_wconf 75' lang='grc' dir='ltr'><em>ἐκείνων</em></span> <span class='ocrx_word' id='word_1_17' title='bbox 1510 399 1694 454; x_wconf 73' lang='grc' dir='ltr'><em>’βελτίων</em></span> 
     </span>
    </p>
   </div>
   <div class='ocr_carea' id='block_1_3' title="bbox 245 537 324 579">
    <p class='ocr_par' dir='ltr' id='par_1_3' title="bbox 245 537 324 579">
     <span class='ocr_line' id='line_1_4' title="bbox 245 537 324 579; baseline 0.025 -2"><span class='ocrx_word' id='word_1_18' title='bbox 245 537 324 579; x_wconf 84' lang='grc'><strong>120</strong></span> 
     </span>
    </p>
   </div>
   <div class='ocr_carea' id='block_1_4' title="bbox 350 463 1697 724">
    <p class='ocr_par' dir='ltr' id='par_1_4' title="bbox 350 463 1697 724">
     <span class='ocr_line' id='line_1_5' title="bbox 351 463 1551 523; baseline -0.001 -11"><span class='ocrx_word' id='word_1_19' title='bbox 351 472 511 523; x_wconf 78' lang='grc' dir='ltr'><em>γένοιο,</em></span> <span class='ocrx_word' id='word_1_20' title='bbox 545 468 800 512; x_wconf 83' lang='grc' dir='ltr'><em>σκοποῦντα</em></span> <span class='ocrx_word' id='word_1_21' title='bbox 835 469 908 510; x_wconf 84' lang='grc' dir='ltr'><strong>καὶ</strong></span> <span class='ocrx_word' id='word_1_22' title='bbox 944 465 1168 510; x_wconf 80' lang='grc' dir='ltr'><em>ἀσκοῦντα</em></span> <span class='ocrx_word' id='word_1_23' title='bbox 1205 463 1317 523; x_wconf 81' lang='grc' dir='ltr'><em>πρὸς</em></span> <span class='ocrx_word' id='word_1_24' title='bbox 1350 468 1551 516; x_wconf 79' lang='grc' dir='ltr'><em>ἐκείνους.</em></span> 
     </span>
     <span class='ocr_line' id='line_1_6' title="bbox 454 526 1623 587; baseline -0.001 -10"><span class='ocrx_word' id='word_1_25' title='bbox 454 535 561 578; x_wconf 86' lang='lat' dir='ltr'><strong>AA.</strong></span> <span class='ocrx_word' id='word_1_26' title='bbox 629 536 783 587; x_wconf 83' lang='grc' dir='ltr'><em>Λέγεις</em></span> <span class='ocrx_word' id='word_1_27' title='bbox 818 536 861 576; x_wconf 81' lang='grc' dir='ltr'><strong>δὲ</strong></span> <span class='ocrx_word' id='word_1_28' title='bbox 888 536 1022 584; x_wconf 79' lang='grc' dir='ltr'><em>τίνας</em></span> <span class='ocrx_word' id='word_1_29' title='bbox 1057 534 1254 584; x_wconf 81' lang='grc' dir='ltr'><em>τούτους,</em></span> <span class='ocrx_word' id='word_1_30' title='bbox 1289 526 1320 574; x_wconf 83' lang='grc' dir='ltr'><em>ὦ</em></span> <span class='ocrx_word' id='word_1_31' title='bbox 1358 531 1623 587; x_wconf 68' lang='grc' dir='ltr'><em>Σώκρατεςς</em></span> 
     </span>
     <span class='ocr_line' id='line_1_7' title="bbox 452 597 1697 656; baseline 0.001 -13"><span class='ocrx_word' id='word_1_32' title='bbox 452 600 558 645; x_wconf 83' lang='grc' dir='ltr'><strong>ΣΩ.</strong></span> <span class='ocrx_word' id='word_1_33' title='bbox 633 600 721 645; x_wconf 84' lang='grc' dir='ltr'><strong>Οὐκ</strong></span> <span class='ocrx_word' id='word_1_34' title='bbox 767 599 908 644; x_wconf 79' lang='grc' dir='ltr'><em>οἶσθα</em></span> <span class='ocrx_word' id='word_1_35' title='bbox 954 599 1077 656; x_wconf 84' lang='grc' dir='ltr'><em>ἡμῶν</em></span> <span class='ocrx_word' id='word_1_36' title='bbox 1118 600 1201 654; x_wconf 86' lang='grc' dir='ltr'><em>τὴν</em></span> <span class='ocrx_word' id='word_1_37' title='bbox 1250 598 1380 644; x_wconf 86' lang='grc' dir='ltr'><em>πόλιν</em></span> <span class='ocrx_word' id='word_1_38' title='bbox 1414 597 1697 655; x_wconf 68' lang='grc' dir='ltr'><em>Λακεδαιμο·</em></span> 
     </span>
     <span class='ocr_line' id='line_1_8' title="bbox 350 666 1697 724; baseline -0.001 -12"><span class='ocrx_word' id='word_1_39' title='bbox 350 673 459 720; x_wconf 87' lang='grc' dir='ltr'><em>νιόις</em></span> <span class='ocrx_word' id='word_1_40' title='bbox 493 685 538 712; x_wconf 82' lang='grc' dir='ltr'><strong>τε</strong></span> <span class='ocrx_word' id='word_1_41' title='bbox 572 672 645 713; x_wconf 81' lang='grc' dir='ltr'><strong>καὶ</strong></span> <span class='ocrx_word' id='word_1_42' title='bbox 682 670 742 723; x_wconf 80' lang='grc' dir='ltr'><strong>τῷ</strong></span> <span class='ocrx_word' id='word_1_43' title='bbox 767 669 939 724; x_wconf 77' lang='grc' dir='ltr'><em>μεγάλῳ</em></span> <span class='ocrx_word' id='word_1_44' title='bbox 958 670 1129 724; x_wconf 84' lang='grc' dir='ltr'><em>βασιλεῖ</em></span> <span class='ocrx_word' id='word_1_45' title='bbox 1155 669 1434 722; x_wconf 84' lang='grc' dir='ltr'><em>πολεμοῦσαν</em></span> <span class='ocrx_word' id='word_1_46' title='bbox 1463 666 1697 723; x_wconf 74' lang='grc' dir='ltr'><em>ἑκάστοτε;</em></span> 
     </span>
    </p>
   </div>
   <div class='ocr_carea' id='block_1_5' title="bbox 447 735 971 863">
    <p class='ocr_par' dir='ltr' id='par_1_5' title="bbox 447 735 971 863">
     <span class='ocr_line' id='line_1_9' title="bbox 450 735 971 788; baseline -0.002 -9"><span class='ocrx_word' id='word_1_47' title='bbox 450 737 553 780; x_wconf 76' lang='grc' dir='ltr'><strong>ΑΛ.</strong></span> <span class='ocrx_word' id='word_1_48' title='bbox 616 735 790 788; x_wconf 75' lang='grc' dir='ltr'><em>Ἀληθῆ</em></span> <span class='ocrx_word' id='word_1_49' title='bbox 827 738 971 788; x_wconf 76' lang='grc' dir='ltr'><em>λέγεις.</em></span> 
     </span>
     <span class='ocr_line' id='line_1_10' title="bbox 447 799 921 863; baseline 0 -18"><span class='ocrx_word' id='word_1_50' title='bbox 447 800 559 863; x_wconf 83' lang='lat' dir='ltr'><strong>Cap.</strong></span> <span class='ocrx_word' id='word_1_51' title='bbox 607 799 737 846; x_wconf 78' lang='lat' dir='ltr'><strong>XVI.</strong></span> <span class='ocrx_word' id='word_1_52' title='bbox 816 801 921 845; x_wconf 85' lang='grc' dir='ltr'><strong>ΣΩ.</strong></span> 
     </span>
    </p>
   </div>
   <div class='ocr_carea' id='block_1_6' title="bbox 1003 800 1699 859">
    <p class='ocr_par' dir='ltr' id='par_1_6' title="bbox 1003 800 1699 859">
     <span class='ocr_line' id='line_1_11' title="bbox 1003 800 1699 859; baseline -0.001 -14"><span class='ocrx_word' id='word_1_53' title='bbox 1003 800 1177 845; x_wconf 81' lang='grc' dir='ltr'><em>Οὐκοῦν</em></span> <span class='ocrx_word' id='word_1_54' title='bbox 1224 801 1340 859; x_wconf 76' lang='grc' dir='ltr'><em>εἴπερ</em></span> <span class='ocrx_word' id='word_1_55' title='bbox 1389 807 1434 845; x_wconf 83' lang='grc' dir='ltr'><em>ὲν</em></span> <span class='ocrx_word' id='word_1_56' title='bbox 1488 803 1549 858; x_wconf 82' lang='grc' dir='ltr'><em>νῷ</em></span> <span class='ocrx_word' id='word_1_57' title='bbox 1592 803 1699 856; x_wconf 76' lang='grc' dir='ltr'><em>ἔχεις</em></span> 
     </span>
    </p>
   </div>
   <div class='ocr_carea' id='block_1_7' title="bbox 350 866 1698 1123">
    <p class='ocr_par' dir='ltr' id='par_1_7' title="bbox 350 866 1698 1059">
     <span class='ocr_line' id='line_1_12' title="bbox 350 866 1698 924; baseline -0.001 -12"><span class='ocrx_word' id='word_1_58' title='bbox 350 866 523 924; x_wconf 78' lang='grc' dir='ltr'><em>ἡγεμών</em></span> <span class='ocrx_word' id='word_1_59' title='bbox 557 867 670 913; x_wconf 83' lang='grc' dir='ltr'><em>εἶναι</em></span> <span class='ocrx_word' id='word_1_60' title='bbox 705 871 829 921; x_wconf 80' lang='grc' dir='ltr'><em>τῆςδε</em></span> <span class='ocrx_word' id='word_1_61' title='bbox 864 870 944 921; x_wconf 82' lang='grc' dir='ltr'><strong>τῆς</strong></span> <span class='ocrx_word' id='word_1_62' title='bbox 975 869 1159 919; x_wconf 84' lang='grc' dir='ltr'><em>πόλεως,</em></span> <span class='ocrx_word' id='word_1_63' title='bbox 1195 866 1306 924; x_wconf 79' lang='grc' dir='ltr'><em>πρὸς</em></span> <span class='ocrx_word' id='word_1_64' title='bbox 1342 866 1445 920; x_wconf 80' lang='grc' dir='ltr'><em>τοὺς</em></span> <span class='ocrx_word' id='word_1_65' title='bbox 1475 871 1698 914; x_wconf 78' lang='grc' dir='ltr'><strong>Λακεδαι-</strong></span> 
     </span>
     <span class='ocr_line' id='line_1_13' title="bbox 350 932 1698 992; baseline -0.001 -12"><span class='ocrx_word' id='word_1_66' title='bbox 350 939 515 992; x_wconf 87' lang='grc' dir='ltr'><em>μονίων</em></span> <span class='ocrx_word' id='word_1_67' title='bbox 549 938 743 992; x_wconf 77' lang='grc' dir='ltr'><em>βασιλεῖς</em></span> <span class='ocrx_word' id='word_1_68' title='bbox 786 937 856 979; x_wconf 81' lang='grc' dir='ltr'><strong>καὶ</strong></span> <span class='ocrx_word' id='word_1_69' title='bbox 901 932 1005 985; x_wconf 76' lang='grc' dir='ltr'><em>τοὺς</em></span> <span class='ocrx_word' id='word_1_70' title='bbox 1040 936 1227 990; x_wconf 77' lang='grc' dir='ltr'><em>Περσῶν</em></span> <span class='ocrx_word' id='word_1_71' title='bbox 1263 932 1341 978; x_wconf 82' lang='grc' dir='ltr'><em>τὸν</em></span> <span class='ocrx_word' id='word_1_72' title='bbox 1375 934 1528 992; x_wconf 71' lang='grc' dir='ltr'><em>ἀγῶνα</em></span> <span class='ocrx_word' id='word_1_73' title='bbox 1566 933 1698 990; x_wconf 80' lang='grc' dir='ltr'><em>ἡγού-</em></span> 
     </span>
     <span class='ocr_line' id='line_1_14' title="bbox 350 999 1200 1059; baseline -0.004 -12"><span class='ocrx_word' id='word_1_74' title='bbox 350 1003 481 1059; x_wconf 82' lang='grc' dir='ltr'><em>μενός</em></span> <span class='ocrx_word' id='word_1_75' title='bbox 515 1018 585 1048; x_wconf 82' lang='grc' dir='ltr'><strong>σοι</strong></span> <span class='ocrx_word' id='word_1_76' title='bbox 622 1001 734 1046; x_wconf 84' lang='grc' dir='ltr'><em>εἶναι</em></span> <span class='ocrx_word' id='word_1_77' title='bbox 768 1001 925 1058; x_wconf 70' lang='grc' dir='ltr'><strong><em>ὀρθῶς</em></strong></span> <span class='ocrx_word' id='word_1_78' title='bbox 957 1000 1015 1044; x_wconf 81' lang='grc' dir='ltr'><em>ἂν</em></span> <span class='ocrx_word' id='word_1_79' title='bbox 1051 999 1200 1054; x_wconf 80' lang='grc' dir='ltr'><em>ἡγοῖο;</em></span> 
     </span>
    </p>

    <p class='ocr_par' dir='ltr' id='par_1_8' title="bbox 451 1068 1283 1123">
     <span class='ocr_line' id='line_1_15' title="bbox 451 1068 1283 1123; baseline -0.001 -10"><span class='ocrx_word' id='word_1_80' title='bbox 451 1072 554 1114; x_wconf 88' lang='grc' dir='ltr'><strong>ΑΛ.</strong></span> <span class='ocrx_word' id='word_1_81' title='bbox 624 1071 903 1121; x_wconf 80' lang='grc' dir='ltr'><em>Κινδυνεύεις</em></span> <span class='ocrx_word' id='word_1_82' title='bbox 938 1068 1096 1122; x_wconf 74' lang='grc' dir='ltr'><em>ἀληθῆ</em></span> <span class='ocrx_word' id='word_1_83' title='bbox 1135 1071 1283 1123; x_wconf 68' lang='grc' dir='ltr'><em>λέγειν.</em></span> 
     </span>
    </p>
   </div>
   <div class='ocr_carea' id='block_1_8' title="bbox 453 1131 870 1188">
    <p class='ocr_par' dir='ltr' id='par_1_9' title="bbox 453 1131 870 1188">
     <span class='ocr_line' id='line_1_16' title="bbox 453 1131 870 1188; baseline 0 -8"><span class='ocrx_word' id='word_1_84' title='bbox 453 1138 559 1182; x_wconf 84' lang='grc' dir='ltr'><strong>ΣΩ.</strong></span> <span class='ocrx_word' id='word_1_85' title='bbox 634 1135 744 1188; x_wconf 75' lang='grc' dir='ltr'><em>Οὔκ,</em></span> <span class='ocrx_word' id='word_1_86' title='bbox 790 1131 821 1180; x_wconf 82' lang='grc' dir='ltr'><em>ὦ</em></span> <span class='ocrx_word' id='word_1_87' title='bbox 863 1136 870 1149; x_wconf 85' lang='grc'><strong>’</strong></span> 
     </span>
    </p>
   </div>
   <div class='ocr_carea' id='block_1_9' title="bbox 281 1132 1699 1262">
    <p class='ocr_par' dir='ltr' id='par_1_10' title="bbox 281 1132 1699 1262">
     <span class='ocr_line' id='line_1_17' title="bbox 881 1132 1698 1191; baseline -0.002 -12"><span class='ocrx_word' id='word_1_88' title='bbox 881 1139 1022 1191; x_wconf 75' lang='grc' dir='ltr'><em>γαθέ,</em></span> <span class='ocrx_word' id='word_1_89' title='bbox 1079 1134 1194 1179; x_wconf 70' lang='grc' dir='ltr'><em>ἀλλὰ</em></span> <span class='ocrx_word' id='word_1_90' title='bbox 1246 1132 1356 1190; x_wconf 78' lang='grc' dir='ltr'><em>πρὸς</em></span> <span class='ocrx_word' id='word_1_91' title='bbox 1406 1138 1598 1181; x_wconf 76' lang='grc' dir='ltr'><em>Μειδίαν</em></span> <span class='ocrx_word' id='word_1_92' title='bbox 1652 1151 1698 1178; x_wconf 88' lang='grc' dir='ltr'><strong>σε</strong></span> 
     </span>
     <span class='ocr_line' id='line_1_18' title="bbox 281 1200 1699 1262; baseline -0.001 -15"><span class='ocrx_word' id='word_1_93' title='bbox 281 1205 319 1247; x_wconf 91' lang='grc' dir='ltr'>Β</span> <span class='ocrx_word' id='word_1_94' title='bbox 352 1206 414 1248; x_wconf 82' lang='grc' dir='ltr'><strong>δεῖ</strong></span> <span class='ocrx_word' id='word_1_95' title='bbox 461 1203 540 1249; x_wconf 85' lang='grc' dir='ltr'><em>τὸν</em></span> <span class='ocrx_word' id='word_1_96' title='bbox 581 1203 916 1262; x_wconf 77' lang='grc' dir='ltr'><em>ὀρτυγοτρόφον</em></span> <span class='ocrx_word' id='word_1_97' title='bbox 951 1203 1216 1258; x_wconf 77' lang='grc' dir='ltr'><em>ἀποβλέπειν</em></span> <span class='ocrx_word' id='word_1_98' title='bbox 1249 1206 1321 1245; x_wconf 83' lang='grc' dir='ltr'><strong>καὶ</strong></span> <span class='ocrx_word' id='word_1_99' title='bbox 1355 1200 1517 1254; x_wconf 73' lang='grc' dir='ltr'><em>ἄλλους</em></span> <span class='ocrx_word' id='word_1_100' title='bbox 1556 1201 1699 1246; x_wconf 81' lang='grc' dir='ltr'><em>τοιού·</em></span> 
     </span>
    </p>
   </div>
   <div class='ocr_carea' id='block_1_10' title="bbox 348 1355 1698 1447">
    <p class='ocr_par' dir='ltr' id='par_1_11' title="bbox 348 1355 1698 1447">
     <span class='ocr_line' id='line_1_19' title="bbox 443 1355 1698 1400; baseline -0.002 -12"><span class='ocrx_word' id='word_1_101' title='bbox 443 1355 579 1390; x_wconf 78' lang='grc' dir='ltr'><em>ὁπότε</em></span> <span class='ocrx_word' id='word_1_102' title='bbox 613 1358 785 1390; x_wconf 74' lang='grc' dir='ltr'><em>ἐκείνων</em></span> <span class='ocrx_word' id='word_1_103' title='bbox 816 1357 1002 1399; x_wconf 80' lang='grc' dir='ltr'><em>βελτίων</em></span> <span class='ocrx_word' id='word_1_104' title='bbox 1031 1358 1194 1400; x_wconf 75' lang='grc' dir='ltr'><em>γένοιο]</em></span> <span class='ocrx_word' id='word_1_105' title='bbox 1227 1358 1298 1390; x_wconf 91' lang='lat' dir='ltr'><strong>Pro</strong></span> <span class='ocrx_word' id='word_1_106' title='bbox 1327 1359 1438 1400; x_wconf 74' lang='grc' dir='ltr'><em>γένοιο</em></span> <span class='ocrx_word' id='word_1_107' title='bbox 1473 1365 1594 1389; x_wconf 75' lang='lat' dir='ltr'><strong>ornnes</strong></span> <span class='ocrx_word' id='word_1_108' title='bbox 1626 1355 1698 1387; x_wconf 80' lang='lat' dir='ltr'><strong>iibri</strong></span> 
     </span>
     <span class='ocr_line' id='line_1_20' title="bbox 348 1401 1696 1447; baseline -0.001 -12"><span class='ocrx_word' id='word_1_109' title='bbox 348 1404 506 1446; x_wconf 73' lang='grc' dir='ltr'><em>γέγονας,</em></span> <span class='ocrx_word' id='word_1_110' title='bbox 535 1409 696 1447; x_wconf 77' lang='lat' dir='ltr'><strong>praeter.</strong></span> <span class='ocrx_word' id='word_1_111' title='bbox 710 1407 791 1436; x_wconf 85' lang='lat' dir='ltr'><strong>ven.</strong></span> <span class='ocrx_word' id='word_1_112' title='bbox 816 1406 853 1436; x_wconf 87' lang='grc' dir='ltr'><strong>Ξ.</strong></span> <span class='ocrx_word' id='word_1_113' title='bbox 884 1403 978 1435; x_wconf 82' lang='lat' dir='ltr'><strong>vind.</strong></span> <span class='ocrx_word' id='word_1_114' title='bbox 1010 1403 1040 1437; x_wconf 89' lang='lat'><strong>9.</strong></span> <span class='ocrx_word' id='word_1_115' title='bbox 1070 1408 1105 1437; x_wconf 91' lang='lat' dir='ltr'><strong>et</strong></span> <span class='ocrx_word' id='word_1_116' title='bbox 1127 1414 1216 1437; x_wconf 89' lang='lat' dir='ltr'><strong>corr.</strong></span> <span class='ocrx_word' id='word_1_117' title='bbox 1243 1404 1346 1437; x_wconf 78' lang='lat' dir='ltr'><strong>Coisi.</strong></span> <span class='ocrx_word' id='word_1_118' title='bbox 1395 1402 1465 1437; x_wconf 86' lang='lat' dir='ltr'><strong>Sed</strong></span> <span class='ocrx_word' id='word_1_119' title='bbox 1500 1401 1696 1445; x_wconf 79' lang='lat' dir='ltr'><strong>legendum:</strong></span> 
     </span>
    </p>
   </div>
   <div class='ocr_carea' id='block_1_11' title="bbox 349 1447 1053 1492">
    <p class='ocr_par' dir='ltr' id='par_1_12' title="bbox 349 1447 1053 1492">
     <span class='ocr_line' id='line_1_21' title="bbox 349 1447 1053 1492; baseline 0.001 -12"><span class='ocrx_word' id='word_1_120' title='bbox 349 1447 445 1487; x_wconf 70' lang='grc' dir='ltr'><strong>ὅπως</strong></span> <span class='ocrx_word' id='word_1_121' title='bbox 467 1462 510 1480; x_wconf 80' lang='grc' dir='ltr'><em>αν</em></span> <span class='ocrx_word' id='word_1_122' title='bbox 534 1451 667 1481; x_wconf 72' lang='grc' dir='ltr'><em>ἐκείνων</em></span> <span class='ocrx_word' id='word_1_123' title='bbox 691 1453 725 1491; x_wconf 87' lang='grc' dir='ltr'><strong>β.</strong></span> <span class='ocrx_word' id='word_1_124' title='bbox 752 1451 808 1492; x_wconf 71' lang='grc' dir='ltr'><strong>γέν</strong></span> <span class='ocrx_word' id='word_1_125' title='bbox 810 1461 875 1481; x_wconf 87' lang='grc' dir='ltr'><strong>οιο.</strong></span> <span class='ocrx_word' id='word_1_126' title='bbox 903 1460 934 1481; x_wconf 81' lang='lat' dir='ltr'><strong>v.</strong></span> <span class='ocrx_word' id='word_1_127' title='bbox 958 1449 1053 1481; x_wconf 75' lang='lat' dir='ltr'><strong>infra.</strong></span> 
     </span>
    </p>
   </div>
   <div class='ocr_carea' id='block_1_12' title="bbox 350 1492 1694 1582">
    <p class='ocr_par' dir='ltr' id='par_1_13' title="bbox 350 1492 1694 1582">
     <span class='ocr_line' id='line_1_22' title="bbox 441 1492 1694 1537; baseline -0.002 -9"><span class='ocrx_word' id='word_1_128' title='bbox 441 1495 1010 1537; x_wconf 60' lang='lat' dir='ltr'><strong>Cap.XV1.P.120.177;62</strong></span> <span class='ocrx_word' id='word_1_129' title='bbox 1048 1495 1125 1536; x_wconf 81' lang='grc' dir='ltr'><strong>τῆς</strong></span> <span class='ocrx_word' id='word_1_130' title='bbox 1160 1493 1344 1535; x_wconf 75' lang='grc' dir='ltr'><em>πόλεως,</em></span> <span class='ocrx_word' id='word_1_131' title='bbox 1369 1506 1476 1537; x_wconf 77' lang='grc' dir='ltr'><em>προς</em></span> <span class='ocrx_word' id='word_1_132' title='bbox 1500 1506 1606 1530; x_wconf 81' lang='grc' dir='ltr'><em>τους</em></span> <span class='ocrx_word' id='word_1_133' title='bbox 1630 1492 1694 1535; x_wconf 90' lang='grc' dir='ltr'><strong>Λ]</strong></span> 
     </span>
     <span class='ocr_line' id='line_1_23' title="bbox 350 1539 1387 1582; baseline 0 -9"><span class='ocrx_word' id='word_1_134' title='bbox 350 1539 409 1573; x_wconf 87' lang='lat' dir='ltr'><strong>Sic</strong></span> <span class='ocrx_word' id='word_1_135' title='bbox 435 1541 535 1574; x_wconf 80' lang='lat' dir='ltr'><strong>Bodi.</strong></span> <span class='ocrx_word' id='word_1_136' title='bbox 567 1541 641 1575; x_wconf 83' lang='lat' dir='ltr'><strong>Vat.</strong></span> <span class='ocrx_word' id='word_1_137' title='bbox 673 1542 755 1574; x_wconf 87' lang='lat' dir='ltr'><strong>Ven.</strong></span> <span class='ocrx_word' id='word_1_138' title='bbox 785 1540 825 1574; x_wconf 91' lang='grc' dir='ltr'><strong>Π.</strong></span> <span class='ocrx_word' id='word_1_139' title='bbox 875 1541 985 1581; x_wconf 76' lang='lat' dir='ltr'><strong>Vulgo</strong></span> <span class='ocrx_word' id='word_1_140' title='bbox 1009 1540 1140 1582; x_wconf 79' lang='grc' dir='ltr'><em>πόλεως</em></span> <span class='ocrx_word' id='word_1_141' title='bbox 1164 1539 1208 1577; x_wconf 82' lang='grc' dir='ltr'><strong>ὡς</strong></span> <span class='ocrx_word' id='word_1_142' title='bbox 1231 1539 1319 1581; x_wconf 77' lang='grc' dir='ltr'><em>πρὸς</em></span> <span class='ocrx_word' id='word_1_143' title='bbox 1341 1540 1387 1573; x_wconf 90' lang='grc' dir='ltr'><strong>Λ.</strong></span> 
     </span>
    </p>
   </div>
   <div class='ocr_carea' id='block_1_13' title="bbox 441 1585 843 1630">
    <p class='ocr_par' dir='ltr' id='par_1_14' title="bbox 441 1585 843 1630">
     <span class='ocr_line' id='line_1_24' title="bbox 441 1585 843 1630; baseline -0.002 -11"><span class='ocrx_word' id='word_1_144' title='bbox 441 1585 685 1630; x_wconf 78' lang='grc' dir='ltr'><em>ἡγούμενός</em></span> <span class='ocrx_word' id='word_1_145' title='bbox 713 1599 780 1620; x_wconf 88' lang='grc' dir='ltr'><strong>σοι</strong></span> <span class='ocrx_word' id='word_1_146' title='bbox 805 1587 843 1620; x_wconf 76' lang='grc' dir='ltr'><strong>εἷ</strong></span> 
     </span>
    </p>
   </div>
   <div class='ocr_carea' id='block_1_14' title="bbox 854 1586 1429 1629">
    <p class='ocr_par' dir='ltr' id='par_1_15' title="bbox 854 1586 1429 1629">
     <span class='ocr_line' id='line_1_25' title="bbox 854 1586 1429 1629; baseline 0.002 -12"><span class='ocrx_word' id='word_1_147' title='bbox 854 1600 900 1618; x_wconf 78' lang='grc' dir='ltr'><em>να</em></span> <span class='ocrx_word' id='word_1_148' title='bbox 913 1586 943 1629; x_wconf 89' lang='grc' dir='ltr'><strong>ι]</strong></span> <span class='ocrx_word' id='word_1_149' title='bbox 972 1586 1009 1617; x_wconf 95' lang='lat' dir='ltr'><strong>V.</strong></span> <span class='ocrx_word' id='word_1_150' title='bbox 1036 1600 1091 1619; x_wconf 87' lang='grc' dir='ltr'><strong>σοι</strong></span> <span class='ocrx_word' id='word_1_151' title='bbox 1117 1586 1169 1627; x_wconf 72' lang='grc' dir='ltr'><strong>ἦγ.</strong></span> <span class='ocrx_word' id='word_1_152' title='bbox 1194 1587 1305 1619; x_wconf 77' lang='lat' dir='ltr'><strong>invitis</strong></span> <span class='ocrx_word' id='word_1_153' title='bbox 1329 1586 1429 1619; x_wconf 78' lang='lat' dir='ltr'><strong>codd.</strong></span> 
     </span>
    </p>
   </div>
   <div class='ocr_carea' id='block_1_15' title="bbox 347 1630 1697 1768">
    <p class='ocr_par' dir='ltr' id='par_1_16' title="bbox 347 1630 1697 1768">
     <span class='ocr_line' id='line_1_26' title="bbox 444 1630 1697 1677; baseline -0.002 -12"><span class='ocrx_word' id='word_1_154' title='bbox 444 1634 481 1668; x_wconf 74' lang='grc' dir='ltr'><strong>Β.</strong></span> <span class='ocrx_word' id='word_1_155' title='bbox 530 1634 655 1677; x_wconf 80' lang='grc' dir='ltr'><em>τρίχα</em></span> <span class='ocrx_word' id='word_1_156' title='bbox 681 1635 848 1674; x_wconf 64' lang='grc' dir='ltr'><em>ἔχοντες</em></span> <span class='ocrx_word' id='word_1_157' title='bbox 875 1635 913 1664; x_wconf 77' lang='grc' dir='ltr'><em>ἐν</em></span> <span class='ocrx_word' id='word_1_158' title='bbox 937 1636 986 1675; x_wconf 79' lang='grc' dir='ltr'><strong>τῇ</strong></span> <span class='ocrx_word' id='word_1_159' title='bbox 1012 1633 1154 1677; x_wconf 80' lang='grc' dir='ltr'>ψυχῇ]</span> <span class='ocrx_word' id='word_1_160' title='bbox 1185 1633 1251 1665; x_wconf 80' lang='lat' dir='ltr'><strong>Pro</strong></span> <span class='ocrx_word' id='word_1_161' title='bbox 1277 1635 1324 1671; x_wconf 74' lang='lat' dir='ltr'><strong>cv,</strong></span> <span class='ocrx_word' id='word_1_162' title='bbox 1349 1631 1439 1674; x_wconf 78' lang='lat' dir='ltr'><strong>quod</strong></span> <span class='ocrx_word' id='word_1_163' title='bbox 1472 1630 1573 1664; x_wconf 79' lang='lat' dir='ltr'><strong>Bodi.</strong></span> <span class='ocrx_word' id='word_1_164' title='bbox 1592 1631 1697 1663; x_wconf 76' lang='lat' dir='ltr'><strong>Coisl.</strong></span> 
     </span>
     <span class='ocr_line' id='line_1_27' title="bbox 347 1677 1695 1721; baseline -0.001 -10"><span class='ocrx_word' id='word_1_165' title='bbox 347 1680 428 1712; x_wconf 82' lang='lat' dir='ltr'><strong>Vat.</strong></span> <span class='ocrx_word' id='word_1_166' title='bbox 457 1680 552 1712; x_wconf 84' lang='lat' dir='ltr'><strong>Ven.</strong></span> <span class='ocrx_word' id='word_1_167' title='bbox 580 1679 621 1714; x_wconf 83' lang='lat' dir='ltr'><strong>H.</strong></span> <span class='ocrx_word' id='word_1_168' title='bbox 648 1679 739 1713; x_wconf 72' lang='lat' dir='ltr'><strong>Flor.</strong></span> <span class='ocrx_word' id='word_1_169' title='bbox 766 1680 800 1712; x_wconf 85' lang='lat' dir='ltr'><strong>d.</strong></span> <span class='ocrx_word' id='word_1_170' title='bbox 831 1679 946 1713; x_wconf 77' lang='lat' dir='ltr'><strong>Schol.</strong></span> <span class='ocrx_word' id='word_1_171' title='bbox 974 1683 1009 1711; x_wconf 79' lang='lat' dir='ltr'><strong>et</strong></span> <span class='ocrx_word' id='word_1_172' title='bbox 1033 1679 1169 1721; x_wconf 78' lang='lat' dir='ltr'><strong>Olymp.</strong></span> <span class='ocrx_word' id='word_1_173' title='bbox 1197 1689 1231 1720; x_wconf 88' lang='lat' dir='ltr'><strong>p.</strong></span> <span class='ocrx_word' id='word_1_174' title='bbox 1258 1677 1335 1712; x_wconf 83' lang='lat'><strong>148.</strong></span> <span class='ocrx_word' id='word_1_175' title='bbox 1361 1677 1580 1720; x_wconf 76' lang='lat' dir='ltr'><strong>confirmant,</strong></span> <span class='ocrx_word' id='word_1_176' title='bbox 1614 1681 1695 1710; x_wconf 82' lang='lat' dir='ltr'><strong>vett.</strong></span> 
     </span>
     <span class='ocr_line' id='line_1_28' title="bbox 352 1724 1079 1768; baseline -0.001 -10"><span class='ocrx_word' id='word_1_177' title='bbox 352 1725 451 1758; x_wconf 83' lang='lat' dir='ltr'>editt.</span> <span class='ocrx_word' id='word_1_178' title='bbox 477 1735 553 1759; x_wconf 89' lang='lat' dir='ltr'><strong>cum</strong></span> <span class='ocrx_word' id='word_1_179' title='bbox 580 1727 720 1768; x_wconf 79' lang='lat' dir='ltr'><strong>reliquis</strong></span> <span class='ocrx_word' id='word_1_180' title='bbox 745 1725 838 1759; x_wconf 75' lang='lat' dir='ltr'><strong>libris</strong></span> <span class='ocrx_word' id='word_1_181' title='bbox 864 1725 919 1757; x_wconf 76' lang='grc' dir='ltr'><strong>ἐπὶ</strong></span> <span class='ocrx_word' id='word_1_182' title='bbox 944 1724 1079 1758; x_wconf 83' lang='lat' dir='ltr'><strong>habent-</strong></span> 
     </span>
    </p>
   </div>
   <div class='ocr_carea' id='block_1_16' title="bbox 344 1836 997 2832">
    <p class='ocr_par' dir='ltr' id='par_1_17' title="bbox 349 1836 997 2336">
     <span class='ocr_line' id='line_1_29' title="bbox 351 1836 997 1879; baseline 0 -9"><span class='ocrx_word' id='word_1_183' title='bbox 351 1836 403 1870; x_wconf 95' lang='lat' dir='ltr'><strong>do</strong></span> <span class='ocrx_word' id='word_1_184' title='bbox 437 1837 535 1870; x_wconf 82' lang='lat' dir='ltr'><strong>illis</strong></span> <span class='ocrx_word' id='word_1_185' title='bbox 567 1837 722 1871; x_wconf 81' lang='lat' dir='ltr'><strong>melior</strong></span> <span class='ocrx_word' id='word_1_186' title='bbox 755 1837 862 1870; x_wconf 85' lang='lat' dir='ltr'><strong>fieri</strong></span> <span class='ocrx_word' id='word_1_187' title='bbox 897 1847 997 1879; x_wconf 84' lang='lat' dir='ltr'><strong>que-</strong></span> 
     </span>
     <span class='ocr_line' id='line_1_30' title="bbox 349 1883 997 1925; baseline -0.002 -9"><span class='ocrx_word' id='word_1_188' title='bbox 349 1894 396 1916; x_wconf 83' lang='lat' dir='ltr'><strong>as</strong></span> <span class='ocrx_word' id='word_1_189' title='bbox 442 1883 808 1917; x_wconf 78' lang='lat' dir='ltr'><strong>considerantem</strong></span> <span class='ocrx_word' id='word_1_190' title='bbox 866 1887 997 1925; x_wconf 82' lang='lat' dir='ltr'><strong>teque</strong></span> 
     </span>
     <span class='ocr_line' id='line_1_31' title="bbox 349 1929 995 1963; baseline -0.002 -1"><span class='ocrx_word' id='word_1_191' title='bbox 349 1929 567 1963; x_wconf 82' lang='lat' dir='ltr'><strong>adversus</strong></span> <span class='ocrx_word' id='word_1_192' title='bbox 608 1940 681 1963; x_wconf 88' lang='lat' dir='ltr'><strong>eos</strong></span> <span class='ocrx_word' id='word_1_193' title='bbox 707 1934 995 1963; x_wconf 81' lang='lat' dir='ltr'><strong>exercentem</strong></span> 
     </span>
     <span class='ocr_line' id='line_1_32' title="bbox 344 1974 995 2017; baseline -0.002 -8.981"><span class='ocrx_word' id='word_1_194' title='bbox 344 1974 460 2013; x_wconf 83' lang='grc' dir='ltr'><em>Ὅπως</em></span> <span class='ocrx_word' id='word_1_195' title='bbox 485 1989 526 2007; x_wconf 89' lang='grc' dir='ltr'><strong>αι</strong></span> <span class='ocrx_word' id='word_1_196' title='bbox 554 1977 601 2008; x_wconf 82' lang='lat' dir='ltr'><strong>ita</strong></span> <span class='ocrx_word' id='word_1_197' title='bbox 636 1986 710 2008; x_wconf 89' lang='lat' dir='ltr'><strong>cum</strong></span> <span class='ocrx_word' id='word_1_198' title='bbox 738 1975 896 2017; x_wconf 83' lang='lat' dir='ltr'><strong>optativo</strong></span> <span class='ocrx_word' id='word_1_199' title='bbox 921 1976 995 2007; x_wconf 90' lang='lat' dir='ltr'><strong>iun-</strong></span> 
     </span>
     <span class='ocr_line' id='line_1_33' title="bbox 349 2021 995 2064; baseline -0.003 -10"><span class='ocrx_word' id='word_1_200' title='bbox 349 2026 443 2054; x_wconf 85' lang='lat' dir='ltr'><strong>ctum</strong></span> <span class='ocrx_word' id='word_1_201' title='bbox 478 2021 522 2054; x_wconf 87' lang='lat' dir='ltr'><strong>ad</strong></span> <span class='ocrx_word' id='word_1_202' title='bbox 563 2021 682 2063; x_wconf 79' lang='lat' dir='ltr'><strong>Iysid.</strong></span> <span class='ocrx_word' id='word_1_203' title='bbox 716 2032 748 2064; x_wconf 88' lang='lat' dir='ltr'><strong>p.</strong></span> <span class='ocrx_word' id='word_1_204' title='bbox 771 2022 850 2056; x_wconf 80' lang='lat'><strong>207.</strong></span> <span class='ocrx_word' id='word_1_205' title='bbox 880 2021 920 2054; x_wconf 84' lang='grc' dir='ltr'><strong>Ε.</strong></span> <span class='ocrx_word' id='word_1_206' title='bbox 955 2021 995 2053; x_wconf 81' lang='lat' dir='ltr'><strong>i!-</strong></span> 
     </span>
     <span class='ocr_line' id='line_1_34' title="bbox 351 2067 996 2110; baseline -0.002 -11"><span class='ocrx_word' id='word_1_207' title='bbox 351 2067 589 2101; x_wconf 65' lang='lat' dir='ltr'><strong>lustraximus.</strong></span> <span class='ocrx_word' id='word_1_208' title='bbox 639 2068 790 2110; x_wconf 75' lang='lat' dir='ltr'><strong>Recepit</strong></span> <span class='ocrx_word' id='word_1_209' title='bbox 820 2067 996 2099; x_wconf 75' lang='lat' dir='ltr'><strong>coniectu-</strong></span> 
     </span>
     <span class='ocr_line' id='line_1_35' title="bbox 351 2112 993 2146; baseline 0.002 -2"><span class='ocrx_word' id='word_1_210' title='bbox 351 2123 424 2145; x_wconf 91' lang='lat' dir='ltr'><strong>ram</strong></span> <span class='ocrx_word' id='word_1_211' title='bbox 456 2116 607 2145; x_wconf 84' lang='lat' dir='ltr'><strong>nostram</strong></span> <span class='ocrx_word' id='word_1_212' title='bbox 652 2113 758 2146; x_wconf 82' lang='lat' dir='ltr'><strong>tacite</strong></span> <span class='ocrx_word' id='word_1_213' title='bbox 790 2112 993 2145; x_wconf 83' lang='lat' dir='ltr'><strong>Heldius.</strong></span> 
     </span>
     <span class='ocr_line' id='line_1_36' title="bbox 353 2157 991 2199; baseline 0 -10"><span class='ocrx_word' id='word_1_214' title='bbox 353 2157 515 2190; x_wconf 80' lang='lat' dir='ltr'><strong>Ceterum</strong></span> <span class='ocrx_word' id='word_1_215' title='bbox 567 2159 690 2195; x_wconf 72' lang='grc' dir='ltr'><em>ἐκεῖνος</em></span> <span class='ocrx_word' id='word_1_216' title='bbox 736 2159 786 2190; x_wconf 88' lang='lat' dir='ltr'><strong>bis</strong></span> <span class='ocrx_word' id='word_1_217' title='bbox 828 2158 991 2199; x_wconf 81' lang='lat' dir='ltr'><strong>positum,</strong></span> 
     </span>
     <span class='ocr_line' id='line_1_37' title="bbox 351 2202 992 2236; baseline -0.002 -1"><span class='ocrx_word' id='word_1_218' title='bbox 351 2204 398 2236; x_wconf 87' lang='lat' dir='ltr'><strong>ita</strong></span> <span class='ocrx_word' id='word_1_219' title='bbox 422 2208 459 2235; x_wconf 91' lang='lat' dir='ltr'><strong>ut</strong></span> <span class='ocrx_word' id='word_1_220' title='bbox 490 2203 531 2235; x_wconf 88' lang='lat' dir='ltr'><strong>ad</strong></span> <span class='ocrx_word' id='word_1_221' title='bbox 564 2203 653 2236; x_wconf 88' lang='lat' dir='ltr'><strong>idem</strong></span> <span class='ocrx_word' id='word_1_222' title='bbox 682 2204 873 2236; x_wconf 80' lang='lat' dir='ltr'><strong>subiectum</strong></span> <span class='ocrx_word' id='word_1_223' title='bbox 901 2202 992 2235; x_wconf 74' lang='lat' dir='ltr'><strong>ref-2-</strong></span> 
     </span>
     <span class='ocr_line' id='line_1_38' title="bbox 351 2246 991 2291; baseline 0 -11"><span class='ocrx_word' id='word_1_224' title='bbox 351 2253 465 2289; x_wconf 84' lang='lat' dir='ltr'><strong>ratur,</strong></span> <span class='ocrx_word' id='word_1_225' title='bbox 503 2247 544 2281; x_wconf 83' lang='lat' dir='ltr'><strong>ad</strong></span> <span class='ocrx_word' id='word_1_226' title='bbox 574 2248 747 2282; x_wconf 83' lang='lat' dir='ltr'>Phaedon.</span> <span class='ocrx_word' id='word_1_227' title='bbox 781 2260 814 2291; x_wconf 90' lang='lat' dir='ltr'><strong>p.</strong></span> <span class='ocrx_word' id='word_1_228' title='bbox 845 2246 922 2282; x_wconf 85' lang='lat'><strong>106.</strong></span> <span class='ocrx_word' id='word_1_229' title='bbox 953 2248 991 2281; x_wconf 83' lang='grc' dir='ltr'><strong>Β.</strong></span> 
     </span>
     <span class='ocr_line' id='line_1_39' title="bbox 350 2293 991 2336; baseline -0.002 -9"><span class='ocrx_word' id='word_1_230' title='bbox 350 2294 478 2336; x_wconf 84' lang='lat' dir='ltr'><strong>Remp.</strong></span> <span class='ocrx_word' id='word_1_231' title='bbox 498 2295 522 2327; x_wconf 85' lang='lat' dir='ltr'><strong>l.</strong></span> <span class='ocrx_word' id='word_1_232' title='bbox 540 2306 559 2336; x_wconf 88' lang='lat' dir='ltr'><strong>p</strong></span> <span class='ocrx_word' id='word_1_233' title='bbox 581 2293 658 2328; x_wconf 83' lang='lat'><strong>342.</strong></span> <span class='ocrx_word' id='word_1_234' title='bbox 675 2294 713 2326; x_wconf 94' lang='grc' dir='ltr'><strong>Ε.</strong></span> <span class='ocrx_word' id='word_1_235' title='bbox 736 2294 991 2327; x_wconf 61' lang='lat' dir='ltr'><strong>iliustrarimns</strong></span> 
     </span>
    </p>

    <p class='ocr_par' dir='ltr' id='par_1_18' title="bbox 347 2338 994 2832">
     <span class='ocr_line' id='line_1_40' title="bbox 397 2338 990 2396; baseline -0.002 -25"><span class='ocrx_word' id='word_1_236' title='bbox 397 2339 481 2396; x_wconf 75' lang='lat' dir='ltr'><strong>Cap.</strong></span> <span class='ocrx_word' id='word_1_237' title='bbox 517 2340 608 2373; x_wconf 85' lang='lat' dir='ltr'><strong>XVI.</strong></span> <span class='ocrx_word' id='word_1_238' title='bbox 662 2341 704 2375; x_wconf 83' lang='lat' dir='ltr'><strong>P.</strong></span> <span class='ocrx_word' id='word_1_239' title='bbox 742 2341 816 2376; x_wconf 75' lang='lat'><strong>120.</strong></span> <span class='ocrx_word' id='word_1_240' title='bbox 867 2338 936 2371; x_wconf 83' lang='grc' dir='ltr'><strong>Ου</strong></span> <span class='ocrx_word' id='word_1_241' title='bbox 955 2353 990 2380; x_wconf 84' lang='grc' dir='ltr'><strong>κ,</strong></span> 
     </span>
     <span class='ocr_line' id='line_1_41' title="bbox 347 2382 994 2430; baseline 0 -14"><span class='ocrx_word' id='word_1_242' title='bbox 347 2390 372 2419; x_wconf 77' lang='grc' dir='ltr'><em>ὠ</em></span> <span class='ocrx_word' id='word_1_243' title='bbox 404 2382 546 2429; x_wconf 50' lang='grc' dir='ltr'><em>’γαθή</em></span> <span class='ocrx_word' id='word_1_244' title='bbox 584 2385 691 2418; x_wconf 72' lang='grc' dir='ltr'><em>ἀλλὰ</em></span> <span class='ocrx_word' id='word_1_245' title='bbox 740 2385 848 2430; x_wconf 76' lang='grc' dir='ltr'><strong>πρός</strong></span> <span class='ocrx_word' id='word_1_246' title='bbox 885 2386 994 2417; x_wconf 80' lang='grc' dir='ltr'><em>Μει-</em></span> 
     </span>
     <span class='ocr_line' id='line_1_42' title="bbox 348 2431 988 2475; baseline -0.002 -10"><span class='ocrx_word' id='word_1_247' title='bbox 348 2433 447 2465; x_wconf 77' lang='grc' dir='ltr'><em>δίαν</em></span> <span class='ocrx_word' id='word_1_248' title='bbox 476 2432 540 2475; x_wconf 90' lang='grc'><strong>-]</strong></span> <span class='ocrx_word' id='word_1_249' title='bbox 587 2432 704 2465; x_wconf 82' lang='lat' dir='ltr'><strong>Iocus</strong></span> <span class='ocrx_word' id='word_1_250' title='bbox 742 2431 988 2465; x_wconf 73' lang='lat' dir='ltr'>acerbissimae</span> 
     </span>
     <span class='ocr_line' id='line_1_43' title="bbox 348 2477 986 2520; baseline -0.003 -8"><span class='ocrx_word' id='word_1_251' title='bbox 348 2478 478 2512; x_wconf 77' lang='lat' dir='ltr'><strong>ironiae</strong></span> <span class='ocrx_word' id='word_1_252' title='bbox 502 2479 573 2510; x_wconf 75' lang='lat' dir='ltr'><strong>sale</strong></span> <span class='ocrx_word' id='word_1_253' title='bbox 590 2477 759 2520; x_wconf 75' lang='lat' dir='ltr'><strong>perfusus.</strong></span> <span class='ocrx_word' id='word_1_254' title='bbox 795 2478 873 2510; x_wconf 90' lang='lat' dir='ltr'><strong>Imo</strong></span> <span class='ocrx_word' id='word_1_255' title='bbox 890 2487 986 2517; x_wconf 87' lang='lat' dir='ltr'><strong>vero,</strong></span> 
     </span>
     <span class='ocr_line' id='line_1_44' title="bbox 348 2522 987 2567; baseline -0.002 -10"><span class='ocrx_word' id='word_1_256' title='bbox 348 2524 473 2567; x_wconf 73' lang='lat' dir='ltr'><strong>inquit,</strong></span> <span class='ocrx_word' id='word_1_257' title='bbox 513 2523 555 2556; x_wconf 82' lang='lat' dir='ltr'><strong>ad</strong></span> <span class='ocrx_word' id='word_1_258' title='bbox 594 2523 677 2555; x_wconf 79' lang='lat' dir='ltr'><strong>viles</strong></span> <span class='ocrx_word' id='word_1_259' title='bbox 710 2524 795 2556; x_wconf 84' lang='lat' dir='ltr'><strong>istos</strong></span> <span class='ocrx_word' id='word_1_260' title='bbox 831 2522 987 2556; x_wconf 86' lang='lat' dir='ltr'><strong>homines</strong></span> 
     </span>
     <span class='ocr_line' id='line_1_45' title="bbox 348 2569 986 2611; baseline -0.002 -8"><span class='ocrx_word' id='word_1_261' title='bbox 348 2570 411 2603; x_wconf 89' lang='lat' dir='ltr'><strong>tibi</strong></span> <span class='ocrx_word' id='word_1_262' title='bbox 437 2569 686 2611; x_wconf 85' lang='lat' dir='ltr'><strong>respiciendum</strong></span> <span class='ocrx_word' id='word_1_263' title='bbox 719 2573 791 2610; x_wconf 83' lang='lat' dir='ltr'><strong>est,</strong></span> <span class='ocrx_word' id='word_1_264' title='bbox 830 2569 888 2611; x_wconf 88' lang='lat' dir='ltr'><strong>qui</strong></span> <span class='ocrx_word' id='word_1_265' title='bbox 920 2579 986 2602; x_wconf 86' lang='lat' dir='ltr'><strong>nec</strong></span> 
     </span>
     <span class='ocr_line' id='line_1_46' title="bbox 349 2614 983 2656; baseline -0.002 -8"><span class='ocrx_word' id='word_1_266' title='bbox 349 2615 472 2649; x_wconf 87' lang='lat' dir='ltr'><strong>eruditi</strong></span> <span class='ocrx_word' id='word_1_267' title='bbox 497 2618 593 2654; x_wconf 81' lang='lat' dir='ltr'><strong>sunt,</strong></span> <span class='ocrx_word' id='word_1_268' title='bbox 627 2617 661 2646; x_wconf 87' lang='lat' dir='ltr'><strong>et</strong></span> <span class='ocrx_word' id='word_1_269' title='bbox 694 2614 838 2647; x_wconf 81' lang='lat' dir='ltr'><strong>barbara</strong></span> <span class='ocrx_word' id='word_1_270' title='bbox 866 2614 983 2656; x_wconf 77' lang='lat' dir='ltr'><strong>lingua</strong></span> 
     </span>
     <span class='ocr_line' id='line_1_47' title="bbox 350 2659 983 2695; baseline -0.002 -1"><span class='ocrx_word' id='word_1_271' title='bbox 350 2661 479 2695; x_wconf 86' lang='lat' dir='ltr'><strong>civibus</strong></span> <span class='ocrx_word' id='word_1_272' title='bbox 505 2659 723 2694; x_wconf 77' lang='lat' dir='ltr'><strong>blandiuntur</strong></span> <span class='ocrx_word' id='word_1_273' title='bbox 742 2665 777 2693; x_wconf 88' lang='lat' dir='ltr'><strong>et</strong></span> <span class='ocrx_word' id='word_1_274' title='bbox 802 2661 900 2693; x_wconf 79' lang='lat' dir='ltr'><strong>maiis</strong></span> <span class='ocrx_word' id='word_1_275' title='bbox 925 2670 983 2693; x_wconf 85' lang='lat' dir='ltr'><strong>ar-</strong></span> 
     </span>
     <span class='ocr_line' id='line_1_48' title="bbox 350 2705 982 2748; baseline 0 -8"><span class='ocrx_word' id='word_1_276' title='bbox 350 2707 441 2740; x_wconf 82' lang='lat' dir='ltr'><strong>tibus</strong></span> <span class='ocrx_word' id='word_1_277' title='bbox 480 2708 619 2739; x_wconf 78' lang='lat' dir='ltr'><strong>utu‘ntur</strong></span> <span class='ocrx_word' id='word_1_278' title='bbox 655 2705 698 2738; x_wconf 84' lang='lat' dir='ltr'><strong>ad</strong></span> <span class='ocrx_word' id='word_1_279' title='bbox 732 2706 982 2748; x_wconf 78' lang='lat' dir='ltr'><strong>rempublicam</strong></span> 
     </span>
     <span class='ocr_line' id='line_1_49' title="bbox 348 2751 980 2794; baseline -0.003 -8"><span class='ocrx_word' id='word_1_280' title='bbox 348 2752 539 2788; x_wconf 77' lang='lat' dir='ltr'><strong>accessuri!</strong></span> <span class='ocrx_word' id='word_1_281' title='bbox 597 2751 684 2786; x_wconf 86' lang='lat' dir='ltr'><strong>Quis</strong></span> <span class='ocrx_word' id='word_1_282' title='bbox 716 2756 768 2785; x_wconf 88' lang='lat' dir='ltr'><strong>est</strong></span> <span class='ocrx_word' id='word_1_283' title='bbox 796 2752 873 2794; x_wconf 89' lang='lat' dir='ltr'><strong>quin</strong></span> <span class='ocrx_word' id='word_1_284' title='bbox 904 2761 980 2784; x_wconf 83' lang='lat' dir='ltr'><strong>sen-</strong></span> 
     </span>
     <span class='ocr_line' id='line_1_50' title="bbox 349 2796 976 2832; baseline -0.003 0"><span class='ocrx_word' id='word_1_285' title='bbox 349 2799 411 2832; x_wconf 86' lang='lat' dir='ltr'><strong>tiat</strong></span> <span class='ocrx_word' id='word_1_286' title='bbox 439 2799 492 2831; x_wconf 89' lang='lat' dir='ltr'><strong>his</strong></span> <span class='ocrx_word' id='word_1_287' title='bbox 527 2798 639 2831; x_wconf 85' lang='lat' dir='ltr'><strong>verbis</strong></span> <span class='ocrx_word' id='word_1_288' title='bbox 670 2797 769 2832; x_wconf 83' lang='lat' dir='ltr'><strong>simui</strong></span> <span class='ocrx_word' id='word_1_289' title='bbox 796 2796 976 2831; x_wconf 77' lang='lat' dir='ltr'><strong>Athenien—</strong></span> 
     </span>
    </p>
   </div>
   <div class='ocr_carea' id='block_1_17' title="bbox 1055 1837 1698 2838">
    <p class='ocr_par' dir='ltr' id='par_1_19' title="bbox 1055 1837 1698 2838">
     <span class='ocr_line' id='line_1_51' title="bbox 1064 1837 1696 1881; baseline 0.002 -11"><span class='ocrx_word' id='word_1_290' title='bbox 1064 1837 1152 1870; x_wconf 84' lang='lat' dir='ltr'><strong>sium</strong></span> <span class='ocrx_word' id='word_1_291' title='bbox 1179 1838 1441 1880; x_wconf 76' lang='lat' dir='ltr'><strong>perversitatem</strong></span> <span class='ocrx_word' id='word_1_292' title='bbox 1468 1839 1604 1879; x_wconf 74' lang='lat' dir='ltr'><strong>notari,</strong></span> <span class='ocrx_word' id='word_1_293' title='bbox 1639 1840 1696 1881; x_wconf 85' lang='lat' dir='ltr'><strong>qui</strong></span> 
     </span>
     <span class='ocr_line' id='line_1_52' title="bbox 1064 1883 1697 1925; baseline 0.005 -10"><span class='ocrx_word' id='word_1_294' title='bbox 1064 1883 1190 1916; x_wconf 84' lang='lat' dir='ltr'><strong>aditum</strong></span> <span class='ocrx_word' id='word_1_295' title='bbox 1217 1883 1261 1916; x_wconf 77' lang='lat' dir='ltr'><strong>ad</strong></span> <span class='ocrx_word' id='word_1_296' title='bbox 1281 1884 1517 1925; x_wconf 72' lang='lat' dir='ltr'><strong>rempublicam</strong></span> <span class='ocrx_word' id='word_1_297' title='bbox 1545 1888 1579 1917; x_wconf 89' lang='lat' dir='ltr'><strong>et</strong></span> <span class='ocrx_word' id='word_1_298' title='bbox 1604 1894 1697 1918; x_wconf 85' lang='lat' dir='ltr'><strong>snm—</strong></span> 
     </span>
     <span class='ocr_line' id='line_1_53' title="bbox 1065 1929 1697 1966; baseline 0.006 -6"><span class='ocrx_word' id='word_1_299' title='bbox 1065 1939 1140 1963; x_wconf 89' lang='lat' dir='ltr'><strong>mos</strong></span> <span class='ocrx_word' id='word_1_300' title='bbox 1173 1931 1204 1961; x_wconf 90' lang='lat' dir='ltr'><strong>in</strong></span> <span class='ocrx_word' id='word_1_301' title='bbox 1238 1929 1376 1966; x_wconf 80' lang='lat' dir='ltr'><strong>civitate</strong></span> <span class='ocrx_word' id='word_1_302' title='bbox 1410 1929 1559 1963; x_wconf 75' lang='lat' dir='ltr'><strong>honores</strong></span> <span class='ocrx_word' id='word_1_303' title='bbox 1595 1932 1697 1964; x_wconf 77' lang='lat' dir='ltr'><strong>etiam</strong></span> 
     </span>
     <span class='ocr_line' id='line_1_54' title="bbox 1063 1974 1698 2019; baseline 0.003 -12"><span class='ocrx_word' id='word_1_304' title='bbox 1063 1976 1240 2008; x_wconf 78' lang='lat' dir='ltr'><strong>viiissimis</strong></span> <span class='ocrx_word' id='word_1_305' title='bbox 1263 1974 1456 2008; x_wconf 88' lang='lat' dir='ltr'><strong>hominibus</strong></span> <span class='ocrx_word' id='word_1_306' title='bbox 1479 1976 1698 2019; x_wconf 85' lang='lat' dir='ltr'><strong>omniumque</strong></span> 
     </span>
     <span class='ocr_line' id='line_1_55' title="bbox 1063 2020 1698 2064; baseline 0 -11"><span class='ocrx_word' id='word_1_307' title='bbox 1063 2031 1178 2054; x_wconf 88' lang='lat' dir='ltr'><strong>rerum</strong></span> <span class='ocrx_word' id='word_1_308' title='bbox 1211 2020 1352 2054; x_wconf 83' lang='lat' dir='ltr'><strong>rudibus</strong></span> <span class='ocrx_word' id='word_1_309' title='bbox 1384 2025 1419 2054; x_wconf 88' lang='lat' dir='ltr'><strong>et</strong></span> <span class='ocrx_word' id='word_1_310' title='bbox 1449 2022 1614 2063; x_wconf 81' lang='lat' dir='ltr'><strong>imperitis</strong></span> <span class='ocrx_word' id='word_1_311' title='bbox 1637 2032 1698 2064; x_wconf 80' lang='lat' dir='ltr'><strong>pa-</strong></span> 
     </span>
     <span class='ocr_line' id='line_1_56' title="bbox 1064 2065 1698 2100; baseline 0 -1"><span class='ocrx_word' id='word_1_312' title='bbox 1064 2070 1140 2099; x_wconf 85' lang='lat' dir='ltr'><strong>tere</strong></span> <span class='ocrx_word' id='word_1_313' title='bbox 1165 2066 1352 2099; x_wconf 68' lang='lat' dir='ltr'><strong>volebant?</strong></span> <span class='ocrx_word' id='word_1_314' title='bbox 1399 2065 1524 2099; x_wconf 81' lang='lat' dir='ltr'><strong>Midias</strong></span> <span class='ocrx_word' id='word_1_315' title='bbox 1557 2067 1622 2100; x_wconf 86' lang='lat' dir='ltr'><strong>iste</strong></span> <span class='ocrx_word' id='word_1_316' title='bbox 1647 2068 1698 2099; x_wconf 87' lang='lat' dir='ltr'><strong>vi—</strong></span> 
     </span>
     <span class='ocr_line' id='line_1_57' title="bbox 1064 2110 1696 2156; baseline 0 -12"><span class='ocrx_word' id='word_1_317' title='bbox 1064 2112 1165 2144; x_wconf 84' lang='lat' dir='ltr'><strong>detur</strong></span> <span class='ocrx_word' id='word_1_318' title='bbox 1179 2112 1267 2144; x_wconf 78' lang='lat' dir='ltr'><strong>idem</strong></span> <span class='ocrx_word' id='word_1_319' title='bbox 1286 2122 1376 2151; x_wconf 78' lang='lat' dir='ltr'><strong>esse,</strong></span> <span class='ocrx_word' id='word_1_320' title='bbox 1394 2112 1452 2153; x_wconf 82' lang='lat' dir='ltr'><strong>qui</strong></span> <span class='ocrx_word' id='word_1_321' title='bbox 1475 2117 1500 2144; x_wconf 79' lang='lat' dir='ltr'>A</span> <span class='ocrx_word' id='word_1_322' title='bbox 1513 2110 1696 2156; x_wconf 89' lang='lat' dir='ltr'><strong>ristoph.</strong></span> 
     </span>
     <span class='ocr_line' id='line_1_58' title="bbox 1063 2156 1698 2201; baseline 0.003 -12"><span class='ocrx_word' id='word_1_323' title='bbox 1063 2159 1147 2189; x_wconf 77' lang='lat' dir='ltr'><strong>Avv.</strong></span> <span class='ocrx_word' id='word_1_324' title='bbox 1170 2156 1266 2190; x_wconf 75' lang='lat'><strong>1297.</strong></span> <span class='ocrx_word' id='word_1_325' title='bbox 1291 2156 1397 2201; x_wconf 71' lang='grc' dir='ltr'><em>ὄρτυξ</em></span> <span class='ocrx_word' id='word_1_326' title='bbox 1421 2158 1622 2199; x_wconf 74' lang='lat' dir='ltr'><strong>appellatur,</strong></span> <span class='ocrx_word' id='word_1_327' title='bbox 1640 2159 1698 2191; x_wconf 85' lang='lat' dir='ltr'><strong>ubi</strong></span> 
     </span>
     <span class='ocr_line' id='line_1_59' title="bbox 1061 2202 1696 2246; baseline 0.008 -12"><span class='ocrx_word' id='word_1_328' title='bbox 1061 2203 1158 2246; x_wconf 81' lang='lat' dir='ltr'><strong>plura</strong></span> <span class='ocrx_word' id='word_1_329' title='bbox 1187 2202 1232 2235; x_wconf 81' lang='lat' dir='ltr'><strong>de</strong></span> <span class='ocrx_word' id='word_1_330' title='bbox 1273 2213 1315 2235; x_wconf 83' lang='lat' dir='ltr'><strong>eo</strong></span> <span class='ocrx_word' id='word_1_331' title='bbox 1353 2202 1567 2237; x_wconf 75' lang='lat' dir='ltr'><strong>scholiastes.</strong></span> <span class='ocrx_word' id='word_1_332' title='bbox 1606 2204 1696 2239; x_wconf 83' lang='lat' dir='ltr'><strong>conf.</strong></span> 
     </span>
     <span class='ocr_line' id='line_1_60' title="bbox 1062 2248 1697 2291; baseline 0.003 -11"><span class='ocrx_word' id='word_1_333' title='bbox 1062 2248 1165 2281; x_wconf 83' lang='lat' dir='ltr'><strong>etiam</strong></span> <span class='ocrx_word' id='word_1_334' title='bbox 1193 2249 1348 2291; x_wconf 78' lang='lat' dir='ltr'><strong>Bergk.</strong></span> <span class='ocrx_word' id='word_1_335' title='bbox 1380 2249 1472 2283; x_wconf 75' lang='lat' dir='ltr'><strong>Ren.</strong></span> <span class='ocrx_word' id='word_1_336' title='bbox 1498 2249 1593 2284; x_wconf 82' lang='lat' dir='ltr'><strong>Com.</strong></span> <span class='ocrx_word' id='word_1_337' title='bbox 1636 2255 1697 2283; x_wconf 69' lang='lat' dir='ltr'><strong>At-</strong></span> 
     </span>
     <span class='ocr_line' id='line_1_61' title="bbox 1061 2294 1697 2338; baseline 0.002 -12"><span class='ocrx_word' id='word_1_338' title='bbox 1061 2294 1117 2326; x_wconf 74' lang='lat' dir='ltr'><strong>iic.</strong></span> <span class='ocrx_word' id='word_1_339' title='bbox 1143 2305 1174 2337; x_wconf 85' lang='lat' dir='ltr'><strong>p.</strong></span> <span class='ocrx_word' id='word_1_340' title='bbox 1201 2295 1279 2329; x_wconf 79' lang='lat'><strong>425.</strong></span> <span class='ocrx_word' id='word_1_341' title='bbox 1303 2295 1554 2328; x_wconf 78' lang='lat' dir='ltr'><strong>Athenaeus</strong></span> <span class='ocrx_word' id='word_1_342' title='bbox 1578 2295 1638 2328; x_wconf 84' lang='lat' dir='ltr'><strong>XI.</strong></span> <span class='ocrx_word' id='word_1_343' title='bbox 1665 2307 1697 2338; x_wconf 87' lang='lat' dir='ltr'><strong>p.</strong></span> 
     </span>
     <span class='ocr_line' id='line_1_62' title="bbox 1061 2339 1696 2375; baseline -0.003 0"><span class='ocrx_word' id='word_1_344' title='bbox 1061 2339 1140 2375; x_wconf 85' lang='lat'><strong>506.</strong></span> <span class='ocrx_word' id='word_1_345' title='bbox 1166 2341 1207 2373; x_wconf 92' lang='lat' dir='ltr'><strong>D.</strong></span> <span class='ocrx_word' id='word_1_346' title='bbox 1256 2341 1394 2374; x_wconf 80' lang='lat' dir='ltr'><strong>Midiam</strong></span> <span class='ocrx_word' id='word_1_347' title='bbox 1429 2344 1543 2374; x_wconf 79' lang='lat' dir='ltr'><strong>narrat</strong></span> <span class='ocrx_word' id='word_1_348' title='bbox 1570 2351 1589 2373; x_wconf 81' lang='lat' dir='ltr'><strong>a</strong></span> <span class='ocrx_word' id='word_1_349' title='bbox 1616 2341 1696 2374; x_wconf 72' lang='lat' dir='ltr'><strong>Pia-</strong></span> 
     </span>
     <span class='ocr_line' id='line_1_63' title="bbox 1062 2383 1695 2429; baseline 0.002 -10"><span class='ocrx_word' id='word_1_350' title='bbox 1062 2391 1143 2419; x_wconf 84' lang='lat' dir='ltr'><strong>tone</strong></span> <span class='ocrx_word' id='word_1_351' title='bbox 1192 2384 1428 2429; x_wconf 75' lang='grc' dir='ltr'><em>ὅρτυγοκόπον</em></span> <span class='ocrx_word' id='word_1_352' title='bbox 1483 2383 1695 2429; x_wconf 67' lang='lat' dir='ltr'><strong>appeliatum</strong></span> 
     </span>
     <span class='ocr_line' id='line_1_64' title="bbox 1058 2433 1695 2474; baseline 0.003 -10"><span class='ocrx_word' id='word_1_353' title='bbox 1058 2442 1147 2465; x_wconf 80' lang='lat' dir='ltr'><strong>esse.</strong></span> <span class='ocrx_word' id='word_1_354' title='bbox 1187 2434 1301 2474; x_wconf 84' lang='lat' dir='ltr'><strong>Atque</strong></span> <span class='ocrx_word' id='word_1_355' title='bbox 1326 2443 1400 2465; x_wconf 77' lang='lat' dir='ltr'><strong>eam</strong></span> <span class='ocrx_word' id='word_1_356' title='bbox 1419 2433 1601 2466; x_wconf 86' lang='lat' dir='ltr'><strong>lectionem</strong></span> <span class='ocrx_word' id='word_1_357' title='bbox 1619 2442 1695 2466; x_wconf 82' lang='lat' dir='ltr'><strong>ser-</strong></span> 
     </span>
     <span class='ocr_line' id='line_1_65' title="bbox 1055 2476 1696 2521; baseline 0.002 -11"><span class='ocrx_word' id='word_1_358' title='bbox 1055 2481 1113 2511; x_wconf 83' lang='lat' dir='ltr'><strong>vat</strong></span> <span class='ocrx_word' id='word_1_359' title='bbox 1162 2479 1410 2520; x_wconf 84' lang='lat' dir='ltr'><strong>Olympiod.</strong></span> <span class='ocrx_word' id='word_1_360' title='bbox 1459 2489 1491 2521; x_wconf 86' lang='lat' dir='ltr'><strong>p.</strong></span> <span class='ocrx_word' id='word_1_361' title='bbox 1538 2476 1613 2513; x_wconf 76' lang='lat'><strong>148.</strong></span> <span class='ocrx_word' id='word_1_362' title='bbox 1660 2482 1696 2511; x_wconf 83' lang='lat' dir='ltr'><strong>et</strong></span> 
     </span>
     <span class='ocr_line' id='line_1_66' title="bbox 1058 2522 1695 2565; baseline 0 -10"><span class='ocrx_word' id='word_1_363' title='bbox 1058 2523 1260 2557; x_wconf 75' lang='lat' dir='ltr'><strong>scholiastes</strong></span> <span class='ocrx_word' id='word_1_364' title='bbox 1283 2523 1328 2556; x_wconf 82' lang='lat' dir='ltr'><strong>ad</strong></span> <span class='ocrx_word' id='word_1_365' title='bbox 1354 2523 1384 2557; x_wconf 91' lang='lat' dir='ltr'><strong>h.</strong></span> <span class='ocrx_word' id='word_1_366' title='bbox 1411 2524 1432 2557; x_wconf 92' lang='grc' dir='ltr'><strong>Ι.</strong></span> <span class='ocrx_word' id='word_1_367' title='bbox 1457 2523 1617 2565; x_wconf 77' lang='lat' dir='ltr'><strong>explicat,</strong></span> <span class='ocrx_word' id='word_1_368' title='bbox 1644 2522 1695 2556; x_wconf 88' lang='lat' dir='ltr'><strong>his</strong></span> 
     </span>
     <span class='ocr_line' id='line_1_67' title="bbox 1056 2563 1694 2610; baseline -0.003 -8"><span class='ocrx_word' id='word_1_369' title='bbox 1056 2579 1138 2602; x_wconf 85' lang='lat' dir='ltr'><strong>usus</strong></span> <span class='ocrx_word' id='word_1_370' title='bbox 1177 2570 1308 2603; x_wconf 82' lang='lat' dir='ltr'><strong>verbis.</strong></span> <span class='ocrx_word' id='word_1_371' title='bbox 1338 2563 1458 2606; x_wconf 85' lang='grc' dir='ltr'><em>ουτος</em></span> <span class='ocrx_word' id='word_1_372' title='bbox 1494 2568 1550 2601; x_wconf 73' lang='grc' dir='ltr'><strong>ἐπὶ</strong></span> <span class='ocrx_word' id='word_1_373' title='bbox 1586 2567 1694 2610; x_wconf 77' lang='grc' dir='ltr'><em>κύκλῳ</em></span> 
     </span>
     <span class='ocr_line' id='line_1_68' title="bbox 1056 2613 1695 2670; baseline -0.002 -23"><span class='ocrx_word' id='word_1_374' title='bbox 1056 2626 1140 2651; x_wconf 67' lang='lat' dir='ltr'><strong>‘tous’</strong></span> <span class='ocrx_word' id='word_1_375' title='bbox 1155 2627 1325 2670; x_wconf 69' lang='grc' dir='ltr'><strong><em>ορῒυγας</em></strong></span> <span class='ocrx_word' id='word_1_376' title='bbox 1353 2613 1522 2659; x_wconf 66' lang='grc' dir='ltr'><strong><em>παρῦσῖᾶς</em></strong></span> <span class='ocrx_word' id='word_1_377' title='bbox 1555 2626 1695 2647; x_wconf 69' lang='lat' dir='ltr'><strong>uon‘tuv</strong></span> 
     </span>
     <span class='ocr_line' id='line_1_69' title="bbox 1057 2659 1695 2702; baseline 0.002 -9"><span class='ocrx_word' id='word_1_378' title='bbox 1057 2659 1188 2698; x_wconf 73' lang='grc' dir='ltr'><em>αὐτοὺς</em></span> <span class='ocrx_word' id='word_1_379' title='bbox 1211 2660 1382 2702; x_wconf 72' lang='grc' dir='ltr'><strong>ἀλλήλους</strong></span> <span class='ocrx_word' id='word_1_380' title='bbox 1410 2660 1575 2697; x_wconf 72' lang='grc' dir='ltr'><strong>ἐδίδασκε.</strong></span> <span class='ocrx_word' id='word_1_381' title='bbox 1621 2659 1695 2694; x_wconf 81' lang='lat' dir='ltr'><strong>Nec</strong></span> 
     </span>
     <span class='ocr_line' id='line_1_70' title="bbox 1057 2705 1693 2750; baseline -0.003 -11"><span class='ocrx_word' id='word_1_382' title='bbox 1057 2710 1172 2740; x_wconf 85' lang='lat' dir='ltr'><strong>tamen</strong></span> <span class='ocrx_word' id='word_1_383' title='bbox 1196 2707 1311 2741; x_wconf 85' lang='lat' dir='ltr'><strong>invitis</strong></span> <span class='ocrx_word' id='word_1_384' title='bbox 1336 2705 1512 2740; x_wconf 90' lang='lat' dir='ltr'><strong>codicibus</strong></span> <span class='ocrx_word' id='word_1_385' title='bbox 1545 2705 1693 2750; x_wconf 73' lang='grc' dir='ltr'><em>ὄρτυγο-</em></span> 
     </span>
     <span class='ocr_line' id='line_1_71' title="bbox 1056 2751 1692 2795; baseline 0.002 -12"><span class='ocrx_word' id='word_1_386' title='bbox 1056 2751 1166 2784; x_wconf 77' lang='grc' dir='ltr'><em>κόπον</em></span> <span class='ocrx_word' id='word_1_387' title='bbox 1191 2752 1402 2795; x_wconf 81' lang='lat' dir='ltr'><strong>scripserim,</strong></span> <span class='ocrx_word' id='word_1_388' title='bbox 1417 2751 1692 2794; x_wconf 75' lang='lat' dir='ltr'><strong>quandoquidem</strong></span> 
     </span>
     <span class='ocr_line' id='line_1_72' title="bbox 1058 2797 1692 2838; baseline 0 -8"><span class='ocrx_word' id='word_1_389' title='bbox 1058 2797 1184 2832; x_wconf 86' lang='lat' dir='ltr'><strong>Midias</strong></span> <span class='ocrx_word' id='word_1_390' title='bbox 1229 2798 1424 2832; x_wconf 83' lang='lat' dir='ltr'><strong>coturnices</strong></span> <span class='ocrx_word' id='word_1_391' title='bbox 1470 2798 1605 2838; x_wconf 70' lang='lat' dir='ltr'><strong>alebat,</strong></span> <span class='ocrx_word' id='word_1_392' title='bbox 1654 2801 1692 2830; x_wconf 84' lang='lat' dir='ltr'><strong>ut</strong></span> 
     </span>
    </p>
   </div>
  </div>
 </body>
</html>
