1754 2964
314 215 364 255 10
519 190 528 194 “
699 205 1185 250 PROLEGOMENA
1213 205 1266 248 ad

310 338 473 381 ponere
502 322 787 366 necessarium
820 321 959 363 visum
999 325 1088 375 est,
1153 335 1207 361 uo
1238 318 1400 361 rectius
1430 315 1487 362 ali
1518 317 1663 371 nando

309 380 628 438 percipiantur,
670 394 782 434 quae
813 378 859 420 in
888 377 1082 420 Lachete
1155 376 1298 432 ialogo
1336 374 1392 418 de
1429 374 1522 421 fo‘r‘
1555 374 1565 384 ⁸
1644 399 1663 407 -

311 439 442 481 dine
481 451 601 479 more
641 441 685 478 et
712 434 881 477 ratione
923 432 1147 478 Socratico
1179 432 1377 488 exposita
1406 435 1520 474 sunt.
1555 458 1558 471 2
1636 430 1665 472 d

311 495 394 537 hoc
444 493 585 550 ipsum
644 498 694 534 ut
729 492 903 547 planius
956 490 1089 533 etiam
1135 489 1232 531 fieri
1280 494 1432 544 queat,
1482 486 1666 544 primum

312 555 612 608 argumentum
650 549 749 592 libri
786 548 975 591 breviter
1022 546 1277 603 designasse
1316 544 1504 588 iuvabit.'
1566 541 1666 597 Quo

311 609 427 650 facto
457 606 609 664 paucis
639 605 937 648 demonstrare
968 603 1235 656 conabimur,
1268 606 1665 659 quorsumpostre-

311 681 381 707 mo
422 663 564 706 omnia
603 668 732 718 atque
762 661 948 718 singula,
989 675 1099 715 quae
1128 660 1173 702 in
1203 674 1254 701 eo
1285 657 1573 712 disseruntur„
1601 670 1668 698 re-

311 719 490 764 ferenda
528 720 701 769 sintet
747 733 876 773 quem
915 717 971 760 ad
1011 717 1142 759 finem
1181 714 1375 758 tendant.
1406 759 1410 762 ,
1443 713 1526 757 His
1566 727 1668 755 vero

313 778 444 820 etiam
490 791 631 833 pauca
679 775 732 817 de
770 775 869 818 libri
922 773 1179 816 auctoritate
1219 777 1262 814 et
1294 774 1496 827 gtempore
1537 768 1670 813 natali

311 833 595 887 adiicientur,
653 847 738 887 quo
778 831 936 874 certius
976 829 1288 887 perspiciatur,
1331 842 1562 883 quemnam
1582 824 1668 874 ,ille

311 891 456 932 locum
484 890 530 931 in
568 889 828 944 scriptorum
867 887 1196 930 Platonicorum
1250 890 1429 930 numero
1469 883 1667 936 obtinere

310 944 623 989 existimandus
646 945 723 987 ¹sit.
785 973 788 975 -
1374 954 1379 957 ·

428 1002 489 1044 Et
517 1005 819 1058 argumentum
850 998 1026 1055 quidem
1056 997 1220 1055 dialogi
1248 974 1338 1040 sere
1368 997 1462 1040 hoc·
1483 1001 1564 1055 ast.

427 1079 775 1123 Prudentissime
817 1078 941 1120 initio
984 1083 1163 1120 ornatus
1192 1075 1356 1133 dialogi
1386 1071 1586 1118 scenicus
1616 1073 1672 1116 ad

314 1138 414 1181 libri
432 1137 654 1180 materiam
674 1133 1027 1178 accommodatus
1049 1140 1129 1188 est,
1153 1130 1507 1189 quandoquidem
1528 1131 1673 1188 agitur

318 1192 674 1247 depfortitudinis
705 1197 861 1234 natura
884 1190 1025 1246 deque
1064 1190 1156 1232 eius
1187 1187 1480 1244 acquirendae
1496 1189 1562 1234 flac
1583 1187 1672 1230 dis-

316 1250 479 1294 cendae
502 1250 683 1292 ratione.
722 1247 1012 1304 Lysimachus
1035 1247 1149 1289 enim
1168 1252 1299 1301 atque
1315 1243 1538 1300 Melesias,
1593 1258 1673 1286 uo-

315 1323 412 1350 rum
441 1307 547 1350 alter
568 1306 686 1348 filius
711 1306 794 1348 fuit
822 1304 970 1361 magni
1000 1301 1372 1357 Aristidis,·alter
1399 1300 1557 1358 Thucy
1591 1299 1673 1342 ‘dis

315 1365 448 1419 illius,
466 1364 539 1420 qui
551 1362 818 1418 aliquamdiu
827 1361 939 1402 inter
957 1359 1138 1402 Periclis
1156 1358 1428 1415 adversarios
1441 1355 1675 1414 plurimum

318 1421 577 1464 auctoritate
620 1425 664 1462 et
707 1418 907 1474 potentia
935 1417 1086 1471 valuit,
1120 1431 1254 1472 quum
1279 1414 1512 1473 'ingloriam
1536 1413 1674 1471 'dege-

317 1480 415 1520 rent
445 1482 629 1530 aetatem
660 1489 841 1530 eamque
878 1479 1038 1516 sortem
1075 1478 1198 1515 tanto
1235 1473 1402 1519 ferrent
1429 1469 1673 1523 molestius,

320 1550 406 1591 quo
442 1533 698 1576 illustriores
770 1536 942 1573 arentes
980 1530 1175 1587 ipsorum
1205 1527 1423 1583 fuissent,
1465 1526 1512 1570 id
1535 1525 1675 1581 ,maxi-

318 1606 386 1633 me
405 1590 625 1634 curavisse
653 1547 951 1646 periiibentur,
987 1592 1037 1628 ut
1064 1586 1179 1629 filios
1209 1599 1313 1628 suos
1344 1585 1474 1627 etiam
1502 1582 1674 1627 adultos

318 1648 372 1690 iis
413 1647 577 1690 artibus
624 1645 875 1698 erudirent,
915 1658 1024 1699 quae
1063 1642 1120 1685 ad
1157 1642 1339 1700 gloriam
1358 1649 1413 1695 ’et
1441 1639 1675 1683 auctorita-

319 1710 408 1746 tem
469 1703 515 1745 in
568 1702 792 1759 republica
851 1698 1202 1755 consequendam
1259 1697 1447 1754 aliquid
1481 1692 1674 1754 possent.

321 1759 640 1817 Spectaverant
691 1758 738 1800 hi
794 1757 840 1799 in
885 1756 1104 1813 palaestra
1164 1755 1361 1797 Taureae
1419 1751 1677 1811 ὁπλομάχων

321 1816 560 1872 quendam,
620 1814 876 1868 Stesilaum,
924 1819 1060 1855 artem
1104 1827 1227 1866 suam
1256 1814 1580 1864 ostentantem,
1621 1809 1677 1851 ad

323 1873 503 1927 eiusque
545 1870 786 1928 spectaculi
830 1869 1084 1912 societatem
1112 1868 1403 1911 invitaverant
1425 1865 1606 1910 *Niciam
1635 1872 1677 1908 et

320 1929 577 1981 Lachetem,
611 1926 877 1972 clarissimos
908 1925 1012 1967 belli
1043 1924 1199 1978 duces,
1229 1922 1678 1965 horumtsententiam

322 1985 375 2026 de
416 1985 498 2026 viri
539 1989 630 2025 arte
668 1981 944 2024 sciscitaturi.
1014 1980 1068 2021 In
1098 1994 1185 2034 qua
1223 1984 1271 2020 re
1299 1992 1458 2034 magna
1487 1977 1678 2019 cernitur

322 2040 522 2082 Platonis
563 2038 771 2081 sollertia.
831 2035 985 2078 Nicias
1008 2035 1142 2083 ,enim
1172 2041 1304 2089 quum
1335 2038 1452 2075 esset
1481 2032 1677 2075 subtimi-

302 2096 404 2149 *dus
437 2109 580 2150 neque
611 2107 768 2149 expers
799 2090 1056 2133 eruditionis
1088 2096 1131 2132 et
1159 2089 1462 2155 philosophiae
1485 2089 1557 2144 4),
1589 2089 1675 2131 ele-

322 2159 475 2208 ganter
513 2152 575 2193 ita
613 2150 831 2192 disserens
871 2147 1114 2200 inducitur,
1158 2151 1209 2187 ut
1249 2145 1547 2188 fortitudinem
1575 2161 1677 2201 pru-

323 2209 471 2253 dentia
502 2207 682 2249 definiat
715 2204 911 2259 adeoque
944 2202 1136 2246 Socratis
1167 2202 1426 2256 sententiam
1458 2201 1512 2243 de
1541 2202 1677 2243 scien-

322 2266 382 2318 tia
413 2265 465 2306 ab
497 2264 667 2306 actione
696 2262 811 2304 vitae
850 2275 938 2302 non
969 2258 1241 2316 segreganda
1286 2257 1545 2305 inmedium
1576 2256 1678 2299 affe-

322 2327 401 2363 rat.
462 2320 633 2362 Laches
665 2324 808 2360 autem
839 2317 942 2371 quia
973 2322 1066 2357 erat
1097 2314 1207 2357 adeo
1250 2313 1417 2356 calidus
1447 2320 1488 2356 ct
1520 2313 1676 2367 audax,

315 2384 371 2420 ⁴ut
407 2378 639 2419 haberetur
678 2386 816 2432 paene
857 2372 1135 2426 temerarius,
1165 2370 1404 2428 prudenter
1432 2369 1678 2413 institutum

324 2440 391 2478 cst
428 2432 570 2488 quod,
615 2431 719 2473 dum
748 2429 937 2471 naturali
971 2428 1160 2483 quodam
1191 2427 1346 2469 mentis
1378 2426 1572 2469 acumine
1604 2442 1677 2467 ex-

325 2489 456 2544 cellit,
510 2504 590 2544 per
624 2493 767 2529 totum
797 2500 1037 2529 sermonem
1077 2484 1241 2526 strenui
1271 2483 1420 2526 militis
1457 2482 1550 2539 agit
1578 2497 1676 2538 par-

325 2553 391 2589 tes
421 2552 465 2588 et
493 2543 790 2588 fortitudinem
828 2542 959 2584 animi
988 2542 1239 2598 praesentia
1279 2546 1323 2582 et
1352 2539 1677 2596 perseverantia

397 2760 428 2797 ⁴¹)
455 2770 486 2790 v;
514 2770 545 2799 p.
566 2739 657 2793 ⁴197,
678 2735 730 2788 D.¹
750 2757 827 2788 coll.
864 2754 936 2789 192.
970 2755 1014 2785 D.
