1742 2970
339 206 418 246 196
604 218 607 220 “
725 195 1207 241 PROLEGOMENA
1241 196 1295 238 ad

339 331 409 358 res
440 314 645 356 historiae
684 311 769 352 fide
800 309 1079 353 illustrandas
1109 308 1382 366 pertineant,
1414 321 1467 349 ea
1495 307 1542 350 in
1569 321 1686 350 com-

340 370 564 415 mentariis
599 369 685 425 ipsi
715 367 911 409 Platonis
952 366 1134 408 orationi
1165 364 1407 408 subiunctis
1437 369 1687 418 tractemus.

342 428 467 470 Talia
497 426 610 468 enim
641 424 843 480 quoniam
874 424 936 464 ita
965 428 1134 464 tantum
1168 429 1355 477 possunt
1382 425 1499 476 recte
1529 419 1687 463 diiudi-

342 484 446 538 cari,
478 483 515 526 si
543 482 557 523 i
591 497 640 525 sa
670 480 894 536 scriptoris
926 479 1059 521 verba
1088 479 1143 521 ob
1174 478 1324 521 oculos
1355 477 1621 530 habeantur,
1664 490 1689 517 a

341 540 518 598 praevia
584 553 633 580 ac
672 536 975 592 disquisitione
1014 535 1242 591 seiungere
1281 533 1525 576 consultum
1565 532 1690 575 duxi-
1741 552 1742 572 z

342 613 451 640 mus.
510 595 746 637 Praeterea
783 591 914 635 etiam
953 591 1007 634 de
1046 591 1314 648 singularum
1351 589 1691 647 argumentatio-

343 669 446 696 num
488 661 531 695 et
568 649 1019 694 conclusiuncularum
1048 648 1093 689 vi
1123 654 1167 689 et
1197 646 1474 689 connexione
1495 646 1542 688 in
1574 661 1691 688 com-

343 709 566 752 mentariis
604 706 927 763 explicabimus.
995 704 1296 758 Quaecunque
1336 708 1480 745 autem
1511 701 1568 746 ad
1597 701 1694 746 uni-

344 766 460 808 versi
488 762 922 820 libriargumentum
961 768 1005 803 et
1034 761 1263 803 consilium
1305 760 1495 815 itemque
1521 758 1578 802 ad
1605 773 1694 801 ma-

345 823 482 864 teriae
525 821 827 862 tractationem
857 819 1101 874 pertinent,
1140 816 1221 859 hac
1253 816 1525 872 praefatione
1553 815 1616 857 ita
1643 815 1694 857 il-

344 877 642 929 lustrabimus,
671 882 734 929 ut,
765 881 974 929 quantum
999 874 1100 926 fieri,
1124 873 1280 929 possit,
1310 872 1450 914 malae
1483 871 1695 928 suspicio-

346 934 413 975 nis
454 947 610 975 causae
650 937 693 972 et
731 936 983 986 argumenta
1018 932 1334 973 removeantur.
1412 927 1568 984 Itaque
1608 929 1697 984 pri-

345 1006 461 1032 mum
490 988 587 1031 libri
607 992 908 1044 argumentum
936 992 1146 1043 perpetua
1164 985 1358 1027 oratione
1380 985 1696 1033 enan-abimum

297 1092 299 1094 ,
348 1045 505 1088 deinde
537 1045 731 1086 dicemus
764 1042 816 1084 de
849 1043 1043 1085 eiusdem
1065 1042 1289 1098 proposito
1312 1055 1363 1083 ac
1382 1039 1697 1098 descriptione3

347 1102 535 1156 denique
567 1100 906 1142 examinabimus
935 1100 1113 1141 formam
1146 1104 1189 1140 et
1215 1097 1428 1140 rationem
1458 1095 1699 1140 disserendi

346 1159 393 1200 in
436 1173 486 1200 eo
525 1157 776 1199 adhibitam.
837 1155 1008 1209 Quibus
1039 1155 1238 1198 omnibus
1268 1153 1486 1211 expositis*
1507 1152 1613 1209 quid
1645 1152 1698 1195 de

347 1220 442 1259 tota
481 1213 777 1256 controversia
806 1212 991 1254 iudicari
1021 1216 1244 1268 oporteat,
1287 1211 1447 1253 clarius
1476 1209 1697 1267 apparitu-

347 1286 443 1313 rum
485 1285 578 1312 esse
632 1284 870 1325 speramus.
947 1268 1008 1310 Et
1045 1272 1345 1326 argumentum
1386 1266 1563 1321 quidem
1600 1265 1699 1309 libri

337 1327 433 1369 vhoc
465 1332 544 1368 est.
1428 1345 1434 1347 >
1602 1345 1605 1349 -

462 1436 517 1479 In
556 1436 734 1480 exordio
773 1437 982 1480 sermonis
1030 1436 1234 1480 Socrates
1269 1434 1568 1489 Alcibiadem,
1617 1434 1700 1477 sibi

349 1493 463 1536 forte
495 1493 665 1536 obviam
695 1494 956 1548 venientem,
985 1494 1048 1535 ita
1077 1493 1334 1548 alloquitur:
1362 1492 1596 1536 Miraberis
1615 1491 1701 1533 for»

348 1555 481 1603 tasse,
510 1549 666 1605 inquit,
698 1549 818 1605 quod
847 1565 944 1606 ego,
977 1550 1051 1605 qui
1079 1551 1245 1607 primus
1273 1549 1364 1592 fere
1390 1554 1437 1591 te
1454 1547 1700 1600 amaverim,

349 1620 481 1659 nunc,
511 1612 800 1662 posteaquam
829 1607 960 1648 ceteri
991 1613 1204 1649 amatores
1233 1605 1298 1648 tui
1323 1611 1368 1647 te
1399 1605 1698 1657 deseruerunt,

348 1661 602 1716 neutiquam
647 1677 672 1704 a
708 1668 751 1704 te
783 1662 1051 1705 abalienatus
1082 1678 1200 1716 sum,
1240 1661 1319 1711 sed
1347 1666 1449 1718 post
1476 1666 1564 1704 tam
1594 1660 1703 1703 mul-

348 1723 417 1760 tos
449 1732 585 1760 annos
627 1717 709 1759 iam
751 1724 794 1760 te
822 1733 971 1761 rursus
1012 1719 1238 1774 compello.
1298 1717 1432 1771 Quod
1461 1722 1605 1760 autem
1634 1716 1702 1758 his

349 1774 559 1829 proximis
595 1774 722 1816 annis
763 1790 788 1816 a
846 1774 1160 1817 consuetudine
1206 1781 1284 1817 tua
1322 1780 1366 1817 et
1410 1772 1702 1817 familiaritate

315 1876 318 1878 ,
351 1829 566 1883 abstinui,
608 1830 700 1872 eius
739 1831 803 1872 rei
842 1846 974 1873 causa
1013 1846 1100 1873 non
1130 1831 1320 1874 humana
1350 1829 1584 1886 quaedam,
1624 1828 1702 1871 sed

351 1885 501 1927 divina
540 1886 646 1940 fuit,
693 1885 746 1928 de
793 1901 878 1941 quo
916 1892 1082 1944 postea.
1147 1886 1280 1930 Nunc
1319 1892 1422 1930 vero
1459 1885 1567 1929 nihil
1588 1886 1700 1940 fuit,

351 1941 469 1996 quod
499 1957 566 1983 me
597 1942 875 1997 prohiberet,
916 1943 1146 1999 quominus
1183 1957 1335 1986 rursus
1362 1942 1420 1986 ad
1446 1948 1500 1986 te.
1521 1941 1702 1985 accede-

349 2013 439 2040 rem
455 2030 467 2051 ,
508 2013 651 2053 neque
689 1998 735 2040 in
774 2006 994 2054 posterum
1030 2000 1223 2042 futurum
1264 1999 1462 2042 arbitror.
1528 1998 1702 2041 Interea

326 2060 516 2107 tamen,
548 2054 767 2108 quomodo
797 2061 841 2096 te
872 2070 976 2112 erga
1006 2062 1220 2098 amatores
1249 2062 1349 2098 tuos
1381 2070 1577 2120 gerereS‚
1610 2060 1701 2097 stu-

350 2108 472 2151 diose
512 2110 760 2164 observavi,
806 2117 936 2165 atque
967 2110 1251 2167 animadverti
1286 2126 1502 2155 nemmem
1529 2111 1700 2153 illorum

337 2165 507 2222 tuisse,
554 2166 659 2219 quin
689 2167 892 2222 superbia
930 2172 1005 2208 tua
1046 2173 1090 2209 et
1128 2167 1377 2223 arrogantia
1406 2184 1431 2209 a
1459 2167 1525 2209 tui
1555 2182 1699 2209 amore

349 2227 626 2263 averteretur.
687 2220 858 2264 Causae
899 2229 1066 2277 autem,
1098 2238 1177 2266 cur
1207 2238 1280 2265 eos
1311 2222 1700 2267 adeocontemne-

347 2291 416 2319 res
447 2292 496 2319 ac
528 2277 787 2334 despiceres,
818 2279 899 2320 hae
929 2279 1115 2321 fuerunt.
1174 2280 1312 2324 Putas
1334 2279 1448 2323 enim
1466 2288 1508 2322 te
1538 2279 1699 2322 nullius

346 2332 533 2397 hominis
574 2349 657 2390 ope
690 2340 732 2377 et
763 2335 923 2377 auxilio
951 2336 1327 2392 indigere,-quum
1355 2341 1399 2378 et
1429 2335 1624 2392 corporis
1655 2342 1698 2378 et

307 2435 309 2439 ,
346 2390 477 2453 animi
505 2390 621 2432 bona
649 2391 867 2434 cumulata
895 2391 1071 2435 habeas.
1130 2392 1246 2435 Nam
1283 2398 1332 2434 ut
1362 2392 1555 2435 omittam
1585 2391 1696 2434 divi-

345 2451 454 2498 tias,
497 2447 654 2499 quibus
692 2463 779 2490 non
817 2447 927 2490 adeo
972 2448 1152 2490 multum
1191 2448 1381 2491 tribuere
1423 2447 1608 2498 videris,
1653 2454 1697 2490 et

345 2500 638 2565 pulcritudine
676 2509 752 2545 tua
793 2510 836 2546 et
865 2505 1034 2561 generis
1063 2504 1290 2549 nobilitate
1318 2517 1363 2547 et
1391 2509 1692 2561 cognatorum,

344 2571 580 2612 praeclpue
610 2559 808 2614 Periclis,
839 2561 1033 2616 potentia
1062 2567 1192 2616 atque
1223 2559 1479 2603 auctoritate
1508 2561 1692 2606 maxime

345 2613 568 2668 superbire
598 2617 875 2659 consuevisti.
933 2617 1031 2659 Hac
1062 2623 1206 2659 autem
1225 2615 1427 2673 superbia
1455 2621 1531 2657 tua
1561 2631 1693 2671 quum

345 2675 513 2712 ceteros
543 2675 757 2713 amatores
797 2688 946 2715 omnes
986 2688 1012 2715 a
1040 2679 1083 2715 te
1114 2672 1400 2725 deterrueriS,
1438 2672 1693 2714 miraturum

343 2730 387 2766 te
419 2739 511 2767 esse
541 2725 754 2780 existimo,
787 2743 863 2770 cur
895 2744 974 2786 ego
1006 2735 1048 2771 te
1069 2744 1214 2787 amare
1245 2744 1330 2771 non
1357 2727 1561 2772 desinam.
1619 2727 1691 2770 Ad
