1754 2964
628 215 998 261 LACHETEM.
1467 217 1493 257 9

128 335 265 381 efinm,
289 333 359 378 vel
385 358 388 359 ⁷
454 332 544 377 tius
573 347 673 376 cum
702 332 848 375 faceta
876 330 1125 397 vulgarium
1151 330 1409 387 opinionum
1440 345 1494 373 ac

126 405 308 451 pravae¹
330 388 361 435 d
389 402 405 407 ‘⁴
422 389 590 434 ectieae
629 389 932 447 sophistarum
968 387 1171 430 misione
1207 386 1492 446 significavit,

125 450 365 504 virtutem-,-
385 447 668 504 quantumvis
707 461 760 490 ea
786 451 969 505 propter
1004 444 1150 488 varias
1186 443 1349 503 agendi
1387 459 1493 487 con-

125 506 319 553 ditiones
346 504 582 561 variasque
613 504 747 547 animi
775 504 892 547 vires
922 508 1055 558 atque
1084 502 1314 546 facultates
1345 502 1491 544 varias

124 562 309 608 haberet
335 562 498 606 formas
528 567 660 618 atque
692 561 887 619 species,
923 565 1070 603 tamen
1113 565 1296 602 eatenus
1335 565 1493 603 natura

125 634 225 666 eme
248 634 382 665 unam
417 625 463 662 et
498 619 545 662 in
575 634 622 662 se
653 618 1021 672 consentientem,
1063 622 1281 673 quatenus
1319 630 1493 673 semper

124 676 365 734 etvnbique
391 676 578 720 scientia
607 676 916 720 contineretur.
983 673 1120 729 Quod
1152 688 1363 731 quorsum
1391 688 1491 731 per-

122 731 309 789 ffltr
346 733 502 785 facilen
529 733 798 791 intelligent,
847 732 923 788 qui
980 731 1162 779 ‚virtutis
1210 730 1491 774 Christianae

121 787 320 849 fflmvis
339 790 386 834 in
407 790 498 834 alio
516 806 691 849 genere,
710 796 859 833 tamen
880 789 1142 832 simillimam
1165 803 1261 832 esse
1276 787 1492 830 rationem

114 847 418 904 meminerint,
449 848 616 905 quippe
646 863 783 904 quae,
816 862 950 903 quum
981 847 1122 890 forma
1151 861 1232 889 sua
1260 843 1491 902 multiplex

117 904 179 949 sit
242 911 391 949 tamen
419 911 647 962 postremo
678 910 860 948 eatenus
891 909 1008 947 certe
1036 918 1126 946 una
1155 909 1238 958 est,
1271 908 1490 958 quatenus

81 984 83 986 ·
115 936 238 1006 fide
281 962 374 1006 sive
423 967 568 1006 πίστει
609 968 835 1018 tamquam
864 961 1082 1019 principio
1121 975 1173 1002 ac
1202 959 1489 1002 fundamento

116 1033 199 1062 suo
229 1025 522 1142 &gen-igitur
551 1076 598 1118 in
633 1075 887 1118 universum
923 1073 1015 1116 fuit·
1038 1073 1259 1116 sententia
1288 1072 1488 1115 Platonis

115 1129 180 1175 dev
201 1133 380 1182 virtutis
398 1131 554 1176 mdole-
575 1147 631 1174 ex
645 1131 921 1175 institutione
947 1144 998 1172 ac
1033 1129 1268 1186 disciplina
1290 1128 1488 1172 Socratis

113 1183 336 1247 susceptio,
368 1204 501 1246 quam
529 1188 576 1231 in
604 1188 660 1231 iis
682 1188 964 1246 potissimum
995 1186 1178 1244 dialogis
1207 1185 1407 1243 prodidit
1435 1200 1488 1228 ac

93 1243 347 1298 dialectice
387 1246 618 1301 tractavit,
663 1261 775 1303 quos
815 1244 1050 1288 verisimile
1090 1250 1160 1287 est
1200 1244 1255 1287 ab
1295 1243 1394 1301 ipso
1433 1258 1488 1286 eo

110 1308 310 1360 tempore
342 1303 538 1361 ⁴scriptos
578 1318 688 1358 esse,
718 1318 829 1359 quo,
862 1318 942 1346 sua
970 1301 1113 1358 ipsius
1143 1300 1348 1344 doctrina
1376 1315 1487 1343 non-

113 1358 218 1403 dum
249 1358 308 1404 ad
326 1363 536 1406 maiorem
554 1361 840 1418 perfectionis
870 1358 1047 1402 laudem
1066 1359 1255 1414 exculta,
1285 1357 1488 1416 magistri

110 1412 328 1467 rationem
363 1418 562 1476 pressius
602 1423 672 1461 est
710 1424 921 1461 sectatus.
981 1416 1101 1459 Nam
1140 1416 1226 1459 alia
1264 1431 1369 1459 sane
1409 1414 1487 1458 illa
1526 1433 1528 1435 ·

112 1474 259 1519 extitit
283 1475 615 1532 'maximamque
645 1474 783 1518 subiit
811 1474 1115 1528 mutationem,
1158 1489 1214 1516 ex
1255 1489 1343 1530 quo
1376 1478 1486 1515 tem-

110 1547 220 1590 pore
257 1532 450 1577 inventis
492 1532 606 1582 ideis
635 1531 878 1587 scientiam,
912 1547 1042 1588 quam
1073 1530 1272 1586 dicebat,
1312 1546 1367 1573 ex
1403 1529 1485 1572 im-

110 1589 288 1637 mortali
324 1599 378 1634 ‘ac
408 1589 560 1634 divina
586 1590 832 1632 animorum
861 1589 966 1644 vita,
999 1588 1172 1645 qualem
1202 1588 1249 1630 in
1278 1586 1485 1630 Phaedro

112 1643 304 1695 defleribi
331 1647 630 1703 meminimus,
669 1646 849 1704 repetiit
879 1652 924 1689 et
951 1652 1110 1689 natura
1139 1645 1272 1688 animi
1303 1659 1485 1687 accura-

109 1701 202 1750 tius
248 1704 478 1762 cognita,-
523 1720 612 1760 qua
665 1702 995 1747 necessitudine
1048 1703 1248 1761 singulae
1297 1702 1484 1744 virtutes

109 1774 211 1805 oum
240 1761 426 1820 singulis
454 1761 590 1806 animi
620 1761 786 1805 viribus
818 1768 862 1805 et
890 1760 1174 1803 facultatibus
1205 1759 1484 1803 contineren—

109 1824 197 1873 tur,
226 1813 434 1863 subtilius
466 1818 695 1876 explorare
727 1824 860 1874 atque
891 1817 1073 1861 definire
1103 1822 1288 1861 conatus
1320 1822 1400 1860 est.

132 1920 137 1923 ,
226 1873 321 1919 Sed
357 1875 444 1919 ista
483 1875 661 1931 quidem
710 1891 828 1918 nunc
879 1876 1119 1917 mittamus.
1199 1873 1320 1918 Satis
1369 1872 1484 1914 enim

111 1930 198 1991 erit
230 1930 295 1974 ad
333 1946 437 1973 rem.
452 1938 731 1988 praesentem
766 1932 921 1988 paucis
955 1930 1231 1988 exposuisse,
1264 1943 1377 1985 quae
1407 1943 1483 1971 ex-

178 2136 181 2140 ·
246 2134 306 2162 sus
339 2123 519 2167 sophistas
557 2125 651 2157 enim
681 2125 842 2167 aliosque
872 2125 910 2158 in
941 2125 1149 2167 opinionum
1173 2124 1371 2157 humilitate
1399 2123 1482 2156 hae-

244 2174 363 2205 rentes
387 2171 555 2205 virtutem
579 2171 700 2204 doceri
723 2182 831 2213 posse
854 2172 1011 2214 negavit,
1037 2172 1169 2214 quippe
1195 2181 1303 2213 quum
1328 2170 1381 2202 illi
1404 2180 1481 2202 eam

249 2227 272 2258 a
307 2217 458 2250 scientia
498 2222 720 2259 segregatam
749 2218 788 2250 in
819 2228 908 2250 uno>
927 2227 1044 2251 rerum
1086 2228 1153 2250 usu
1183 2222 1218 2250 et
1260 2217 1482 2258 experientia

249 2264 347 2304 cerni
380 2267 566 2306 putarent,
605 2265 794 2296 notionum
825 2268 1048 2297 aeternarum
1069 2265 1190 2297 animo
1229 2264 1482 2305 impressarum

247 2318 396 2350 prorsus
410 2310 645 2344 immemores,
693 2310 819 2352 Itaque
843 2321 918 2354 eos,
948 2311 1008 2353 qui
1038 2309 1207 2343 scientiae
1222 2313 1383 2351 expertes
1408 2309 1480 2340 vir-

250 2355 336 2388 tutis
371 2356 476 2388 laude
514 2357 716 2388 extitissent
754 2357 955 2400 conspicui,
986 2357 1109 2389 divino
1148 2356 1321 2388 beneficio
1359 2355 1480 2397 potius

247 2399 356 2444 (θείᾳ
386 2401 515 2446 μοίρᾳ)
555 2402 668 2435 bonos
700 2403 855 2436 evasisse
895 2404 1078 2435 contendit
1113 2413 1227 2444 eoque
1266 2403 1346 2443 ipso
1378 2402 1481 2433 aliter

247 2447 440 2480 sentientes
473 2448 606 2480 delusit
633 2448 857 2481 facetissime.
915 2449 994 2490 lpse
1029 2453 1153 2481 contra
1183 2449 1221 2480 in
1244 2458 1286 2480 ea
1310 2448 1378 2479 fuit
1402 2457 1480 2479 sen-

249 2493 380 2534 tentia,
411 2498 450 2525 ut
473 2494 639 2526 virtutem
652 2495 853 2535 judicaret,
891 2499 1063 2536 quatenus
1104 2495 1344 2527 contineretur
1368 2494 1479 2526 scien-

248 2539 299 2571 tia
324 2543 435 2581 atque
455 2539 540 2572 boni
565 2541 722 2582 rectique
751 2541 981 2582 conscientia,
1007 2542 1129 2584 utique
1154 2541 1346 2582 disciplina
1364 2544 1405 2571 et
1427 2540 1479 2570 in-

249 2585 434 2618 stitutione
464 2588 599 2628 acquiri
629 2591 665 2618 et
689 2587 887 2628 comparari
917 2597 1042 2628 posse,
1068 2598 1174 2630 quam
1198 2591 1316 2620 tamen
1340 2589 1478 2618 senten-

248 2631 334 2664 tiam
372 2632 499 2665 callide
540 2634 674 2675 passim
712 2634 922 2675 occultavit,
964 2644 1034 2676 quo
1073 2634 1215 2666 facilius
1254 2630 1479 2665 adversarios

247 2677 364 2711 ridere
389 2688 430 2709 ac
455 2688 584 2710 vexare
615 2679 671 2711 vel
699 2680 805 2712 etiam
844 2680 890 2712 ad
922 2680 1184 2713 commentandi
1217 2689 1258 2711 ac
1282 2675 1477 2709 meditandi

248 2722 467 2765 diligentiam
500 2725 658 2757 excitare
696 2730 830 2767 posset.
888 2726 972 2758 lnde
1003 2727 1138 2768 dialogi
1174 2726 1250 2758 eius
1277 2723 1477 2764 complures

244 2769 358 2802 lucem
379 2780 485 2848 Euam
518 2771 695 2813 accipiunt
729 2771 836 2814 vulgo
870 2772 985 2806 minus
1010 2777 1105 2806 recte
1129 2770 1315 2807 intellectu
1349 2768 1478 2810 accipit

248 2815 353 2847 etiam
411 2817 527 2849 aches.
