1742 2970
355 193 386 235 6
856 192 1185 241 PLATQMS

359 304 513 348 Veram
539 303 818 360 Hermogenes
846 307 910 348 his
939 310 1183 362 argumensss
1212 321 1258 350 se
1288 321 1341 350 ne
1379 310 1576 353 tantillum
1608 313 1699 365 qui-

359 363 451 403 dem
491 377 515 404 a
556 366 756 407 sententia
792 378 863 406 sua
891 366 1094 406 demoveri
1124 367 1299 419 patitur,
1335 367 1409 407 sed
1436 370 1700 420 pertinaciter

359 422 562 463 nominum
596 422 791 474 originem
827 430 870 462 et
914 437 1030 463 usum
1061 425 1110 464 ab
1139 424 1342 464 hominum
1378 425 1544 474 arbitrio
1576 431 1699 481 atque

358 479 650 575 &suetudine
676 480 942 535 repetendum
972 494 1066 525 esse
1095 481 1312 524 contendit.
1370 481 1416 525 P.
1443 482 1544 525 884.
1571 483 1622 524 Ε.
1645 489 1706 514 -·
1741 517 1742 521 ,

473 615 667 666 Quoniam
703 628 799 656 vero
837 616 939 656 haec
975 618 1175 662 sententia
1202 618 1261 657 ita
1287 619 1516 668 comparata
1544 620 1628 665 est,
1652 622 1699 659 ut

359 670 556 723 originem
593 674 795 713 nominum
833 674 1104 724 arbitrariam,
1143 674 1228 723 vel,
1257 677 1303 712 ut
1331 686 1421 712 cum
1450 674 1698 714 nostratibus

357 727 523 780 loquar,
553 731 812 770 subiectivam
841 744 935 770 esse
963 735 1108 780 sumat,
1137 730 1358 783 prudenter
1386 729 1575 770 Socrates
1603 735 1699 772 ante

357 787 489 825 o'mnia
525 784 811 837 dispiciendum
841 789 1076 836 arbitratur,
1115 802 1208 831 num
1234 799 1331 827 vere
1359 787 1602 839 Protagoras
1630 788 1699 827 iu-

357 841 551 881 dicaverit
578 855 646 882 res
675 855 815 883 omnes
844 844 946 883 tales
975 857 1096 894 esse,
1125 844 1264 897 quales
1292 843 1437 895 cuique
1465 847 1696 896 appareant,

354 898 540 950 adeoque
565 898 770 941 homiuem
798 913 935 940 earum
964 901 1079 953 quasi
1105 900 1296 952 quandam
1325 913 1427 940 esse*
1455 913 1696 951 mensuram,
1739 901 1742 907 ’

355 967 407 997 an
442 956 538 1001 illae
574 957 614 996 vi
656 969 726 997 sua
765 969 840 1009 per
877 970 924 998 se
961 962 1150 998 constare
1177 956 1463 998 existimandae
1490 958 1581 1000 sint.
1637 959 1695 1001 Et

355 1011 456 1055 illud
493 1013 654 1065 quidem
681 1014 938 1059 manifestum
966 1016 1203 1063 arbitratur,
1240 1014 1409 1065 probata
1444 1012 1694 1066 Protagorae

354 1070 542 1125 opinione
580 1083 698 1110 omne
736 1071 826 1112 toni
854 1071 1090 1123 prudentiae
1119 1076 1163 1111 et
1191 1070 1508 1122 imprudentiae,
1535 1072 1694 1123 sapien-

352 1127 437 1167 tiae
467 1132 509 1166 et
547 1127 801 1179 insipientiae
839 1129 1080 1178 discrimen,
1112 1129 1296 1180 quoniam
1324 1126 1430 1179 quod
1459 1129 1603 1180 cuique
1631 1129 1695 1168 vi-

351 1182 539 1232 deretur,
577 1185 685 1227 idem
725 1186 843 1226 etiam
873 1198 947 1238 pro
977 1199 1072 1228 vero
1100 1185 1325 1226 habendum
1358 1188 1482 1226 esset.
1537 1184 1693 1229 Eadem

349 1239 401 1278 de
447 1253 564 1280 causa
603 1243 724 1282 etiam
758 1242 1003 1295 Euthydemi
1045 1243 1284 1284 sententiam
1322 1241 1542 1283 arbitratur
1570 1255 1691 1293 repu-

350 1296 451 1338 diari
479 1303 686 1349 oportere,
721 1301 850 1338 omnia
881 1302 1062 1340 omnibus
1092 1299 1210 1340 simul
1230 1303 1350 1350 atque
1379 1298 1565 1341 similiter
1593 1311 1690 1340 con-

345 1355 484 1393 venire
530 1357 757 1397 statuentis
824 1357 925 1396 Nam
969 1357 1048 1396 hoc
1090 1369 1249 1408 quoque
1284 1355 1455 1401 decreto
1495 1355 1690 1396 malorum

322 1411 620 1463 ,bonorumque
649 1413 864 1455 discrimen
894 1427 1011 1454 omne
1039 1413 1220 1454 funditus
1249 1412 1350 1453 tolli.
1407 1411 1538 1462 Quum
1565 1413 1691 1464 igitur

345 1480 431 1508 nea¹
458 1470 640 1508 omnibus
678 1471 810 1509 omnia
846 1471 1033 1510 similiter
1072 1476 1114 1509 et
1151 1469 1268 1508 simul
1307 1469 1566 1518 conveniant,
1611 1482 1689 1510 nec

344 1525 512 1577 singulis
541 1527 698 1578 singula
725 1528 821 1566 talia
860 1529 960 1576 sint,
997 1527 1131 1580 qualia
1166 1529 1407 1577 appareant,
1436 1537 1688 1578 consequens

344 1582 401 1620 ait
429 1595 545 1631 esse,
581 1589 626 1621 ut
654 1596 722 1626 res
763 1585 876 1635 ipsae
902 1597 978 1635 per
1007 1597 1054 1623 se
1083 1596 1193 1623 suam
1223 1582 1300 1621 sibi
1329 1582 1501 1623 habeant
1526 1584 1687 1635 propri-

341 1651 485 1690 amque
513 1645 718 1687 uaturam,
749 1653 850 1692 quae
878 1654 956 1683 nou
987 1654 1035 1680 ex
1063 1641 1267 1683 homiuum
1297 1651 1419 1679 seusu
1448 1645 1493 1680 et
1520 1641 1688 1682 arbitrio

340 1696 527 1747 pendeat.
581 1696 626 1739 P.
658 1697 756 1740 385.
785 1697 834 1739 E.
863 1720 919 1731 -—.-
947 1698 1043 1738 386.
1075 1697 1123 1738 Ε.

451 1785 528 1826 His
555 1786 614 1826 ita
642 1788 836 1839 expositis
867 1794 910 1827 et
939 1787 987 1828 ab
1015 1786 1274 1838 Hermogene
1307 1785 1578 1838 comprobatis
1606 1786 1682 1826 So·

340 1845 475 1883 crates
510 1856 633 1895 porro
669 1845 725 1883 ita
764 1848 1076 1898 argumentatur.
1143 1843 1188 1883 Si
1225 1856 1292 1884 res
1330 1843 1468 1882 visua
1497 1849 1683 1888 constant

336 1911 412 1939 neo
453 1900 503 1941 ab
543 1900 748 1942 hominum
787 1903 970 1944 sensibus
1009 1900 1206 1952 pendent,
1246 1901 1368 1940 etiam
1414 1899 1595 1942 actiones
1632 1900 1680 1940 ad

334 1969 407 1996 eas
455 1962 687 2008 spectantes
737 1958 925 1998 similiter
970 1962 1223 2009 comparatae
1268 1958 1349 1996 sint
1395 1968 1566 1996 necesse
1602 1961 1681 1998 est.

334 2013 535 2064 Quocirca
570 2015 665 2054 illae
710 2028 784 2054 nec
833 2017 882 2054 ab
913 2015 1079 2054 arbitrio
1110 2019 1153 2053 et
1191 2014 1407 2053 voluntate
1438 2018 1682 2055 nostraau-

333 2082 509 2121 spensae
532 2075 650 2121 sunt,
688 2076 733 2111 et
767 2084 876 2112 suam
908 2073 984 2110 sibi
1014 2076 1177 2110 tuentur
1213 2072 1290 2109 vim
1321 2077 1442 2121 atque
1483 2074 1677 2112 naturam.

330 2125 442 2167 Inter
478 2129 659 2171 actiones
695 2133 828 2172 autem
866 2127 1083 2168 reserenda
1114 2128 1235 2166 etiam
1266 2127 1393 2165 oratio
1427 2130 1503 2165 est.
1559 2126 1676 2177 Quo-

330 2185 437 2223 circa
477 2185 512 2223 si
551 2185 639 2235 quis
677 2189 793 2225 recte
829 2185 1066 2235 loquuturus
1096 2189 1186 2231 est,
1215 2184 1353 2222 facere
1381 2181 1423 2221 id
1451 2182 1575 2226 debet
1601 2196 1676 2223 na·-

330 2244 445 2280 turae
480 2241 674 2280 orationis
710 2242 1004 2282 convenienter.
1073 2241 1152 2281 Est
1179 2245 1313 2280 autem
1345 2239 1514 2282 orationi
1539 2240 1674 2280 subiev

329 2300 396 2335 cta
434 2298 674 2345 nominatio,
715 2310 815 2349 quae
859 2303 902 2337 et
939 2298 1026 2348 ipsa
1061 2298 1169 2336 inter
1206 2298 1388 2336 actiones
1429 2302 1673 2339 numeratur.

327 2353 525 2403 Quocirca
555 2355 674 2393 etiam
705 2366 772 2394 res
797 2355 1003 2393 nominare
1033 2353 1240 2401 debemus,
1268 2352 1404 2404 pronti
1432 2353 1672 2392 nominatio-

326 2410 387 2449 nis
416 2413 582 2453 naturae
611 2414 676 2450 est
705 2415 1038 2458 consentaneum,
1067 2414 1113 2449 ut
1142 2406 1261 2451 etiam
1294 2409 1370 2450 hac
1396 2410 1437 2450 in
1465 2421 1513 2448 re
1542 2410 1669 2453 omnia

327 2467 488 2510 exclusa
514 2467 697 2508 videatur
722 2468 877 2507 arbitrii
914 2468 1134 2507 temeritas.
1201 2467 1246 2508 Ρ.
1285 2466 1380 2512 386.
1417 2462 1537 2509 E.——‚
1569 2465 1668 2506 387.

325 2522 374 2563 D.
405 2546 459 2570 -,
515 2523 735 2567 Praeterea
763 2525 920 2564 nomina
953 2529 1046 2564 sunt
1073 2523 1186 2575 quasi
1215 2523 1406 2576 quaedam
1426 2523 1667 2562 iustrumen-

326 2584 385 2630 ta,
424 2581 568 2633 quibus
607 2581 779 2629 utimur,
818 2586 863 2621 ut
895 2594 969 2621 nos
997 2582 1165 2620 invicem
1195 2581 1246 2621 de
1274 2580 1396 2618 rebus
1424 2578 1665 2618 edoceamus

323 2642 368 2677 et
410 2650 511 2689 quae
549 2639 655 2677 iuter
690 2649 736 2676 se
773 2637 930 2677 diversa
977 2643 1098 2685 suut,
1147 2640 1338 2679 accurate
1379 2634 1666 2678 discernamus.

322 2695 463 2746 Itaque
509 2695 544 2733 is
582 2694 742 2735 demum
779 2695 828 2733 iis
867 2698 984 2734 recte
1015 2699 1171 2743 utetur,
1211 2694 1278 2746 qui
1309 2691 1478 2731 docendi
1507 2692 1664 2743 peritus

321 2757 397 2791 est.
455 2751 593 2793 Utitur
621 2747 754 2793 autem
783 2750 854 2792 ille
891 2752 1116 2796 nominibus
1144 2756 1332 2805 tanquam
1359 2747 1520 2792 aliunde
1546 2761 1664 2793 aoce-
