1754 2964
600 190 962 237 LACHETEM.
1414 196 1467 238 27

105 307 282 366 quioem
318 309 444 352 vitae·
470 307 698 351 seientiam
738 323 838 350 cum
875 309 1054 351 notione
1082 309 1340 352 consocient
1370 323 1465 351 arc-

30 351 55 413 f
103 367 193 410 tius
242 366 495 422 firmusque
535 365 832 422 coniungant,
873 371 967 408 tum
1007 365 1079 408 hic
1110 365 1220 408 adeo
1253 381 1348 408 eam
1379 365 1466 408 sci-

103 424 311 479 entiam-,v
338 431 459 479 quae
498 428 570 465 est
608 437 631 464 e
669 423 838 465 ratione
877 418 1009 466 ducta
1054 437 1106 466 ao
1157 422 1463 480 philosophiae

103 483 425 548 profitentu
443 479 617 522 fortiter
645 479 871 538 agendi‘vi
902 486 947 523 et
975 480 1183 523 facultate
1214 481 1259 522 in
1289 495 1336 523 se
1359 495 1464 523 con-

103 534 474 591 maaamwha‘bet,
505 537 670 594 quippe
700 552 835 593 quum
863 538 1046 580 rationis
1076 538 1143 581 vis
1173 536 1291 595 apud
1319 537 1464 593 ipsum

102 595 365 641 autetiam
393 594 439 636 in
468 595 585 637 vitae
617 596 791 637 actione
811 595 928 638 foras
959 594 1203 653 prodiderit
1226 601 1271 637 et
1288 594 1344 636 ·in
1364 595 1460 637 luce

101 648 342 697 cffissima
390 651 600 695 omnibus
653 651 1024 709 *conspiciendam
1089 651 1462 710 spectandamque

93 703 356 763 examen-it.
413 708 490 752 Ad
526 708 638 752 *haec
669 710 815 752 omnia
851 725 956 752 vero
986 709 1159 753 accedit
1202 710 1331 752 etiam
1362 709 1460 763 hoc,

128 765 156 823 ’ᾗ
258 780 379 810 unus>
414 773 487 810 est-
518 780 648 810 verus
688 782 1006 825 germanusque
1035 767 1210 811 virtutis
1239 766 1462 823 magister.

83 856 86 859 -
159 824 162 830 '
285 823 463 880 quidem
503 823 679 866 laudem
718 825 849 867 etiam
903 824 1076 868 Laches
1125 832 1258 881 atque
1307 824 1462 867 Nicias

99 880 339 940 ipsi1<ultro
377 882 646 940 impertiunt.
705 880 882 939 Quippe
920 882 995 926 isti
1036 881 1212 937 quidem
1243 882 1346 924 licet
1373 897 1463 924 non

99 946 190 983 M
214 938 458 998 intelligere
490 955 621 996 quam
650 940 798 994 potius
822 940 982 982 sentire
1003 939 1248 993 videantur,
1281 954 1359 982 cur
1382 938 1463 981 hac

99 995 231 1039 laude
256 996 495 1039 ornandus
546 997 628 1051 sit,
677 1002 818 1038 tamen
867 1012 943 1040 eos
990 996 1185 1039 iudicare
1239 996 1462 1039 verissime

100 1053 285 1105 maxime
324 1068 380 1096 ex
409 1069 460 1096 eo
489 1053 771 1111 perspicuum
793 1054 859 1108 fit,
893 1053 1010 1109 quod
1039 1059 1232 1096 extremo
1263 1067 1461 1096 sermone

100 1109 400 1171 non-quidem
429 1109 635 1164 docetur,
677 1109 755 1152 sed
793 1117 940 1153 tamen
970 1110 1212 1165 indicatur,
1246 1126 1344 1153 eum
1374 1110 1464 1153 vir-

97 1167 228 1211 tutis*
247 1167 662 1212 consummationem
705 1168 750 1209 in
782 1183 870 1209 una
898 1168 1084 1210 maxime
1123 1168 1307 1210 scientia
1341 1168 1461 1224 posi-

96 1231 186 1275 tam
212 1229 395 1282 putare,
437 1239 549 1280 quae
579 1224 837 1280 opinionum
866 1224 1151 1268 fluctuatione
1172 1225 1302 1283 longe
1333 1241 1461 1282 supe-

97 1282 201 1326 rior*
224 1282 283 1325 sit
318 1287 364 1324 et
403 1283 448 1324 in
487 1281 606 1324 omni
647 1281 764 1324 vitae
813 1282 1065 1325 conditione
1105 1290 1322 1340 perpetuo
1377 1283 1460 1326 sibi

0 1356 10 1365 ⁶
97 1340 282 1395 constes.
339 1339 575 1382 Enimvero
622 1345 780 1395 sponte
811 1340 1011 1397 profecto
1051 1340 1328 1398 intelligitur,
1361 1356 1459 1382 eum

4 1370 15 1432 i
97 1394 272 1442 dum‘mh
299 1397 484 1440 existere
523 1411 654 1454 posse
695 1406 861 1439 certum
901 1398 1075 1441 virtutis
1107 1403 1458 1451 monstratorem,

96 1453 299 1511 qni-rim
339 1453 432 1497 eius
473 1468 561 1496 non
600 1454 871 1497 extrinsecus
910 1456 1082 1512 repetat
1116 1454 1195 1498 sed
1234 1455 1383 1512 potius
1414 1455 1461 1497 in

96 1511 475 1563 mentis-<seientia
504 1517 636 1567 atque
666 1512 836 1554 ratione
866 1513 1055 1570 positam
1083 1527 1179 1555 esse
1209 1512 1459 1556 arbitretur.

0 1596 13 1650 Ἰ
118 1580 301 1639 ¹‘Sed
328 1590 530 1642 nolumus
562 1592 694 1635 etiam
723 1592 850 1650 plura
881 1591 935 1636 de
965 1592 1033 1636 his
1064 1593 1195 1636 rebus
1229 1608 1458 1650 exponere.

3 1659 32 1706 ’7
95 1645 331 1713 spei-anius
362 1649 475 1692 enim
507 1649 576 1692 vel
609 1665 664 1692 ex
692 1650 762 1705 iis,
795 1666 905 1707 quae
925 1650 1195 1707 scripsimus,
1232 1652 1339 1693 satis
1367 1651 1460 1693 iore

26 1720 37 1757 ¹.
94 1706 396 1766 perspicuum,
436 1705 568 1763 etiam
637 1722 816 1750 ersonas
862 1707 1204 1764 colloquentium
1237 1723 1310 1751 eas
1344 1723 1455 1763 esse,
1512 1747 1518 1754 ,

97 1778 208 1826 quae
234 1761 498 1808 'sententiam
528 1762 582 1807 de
603 1723 716 1808 iibri
744 1765 938 1809 universi
969 1765 1153 1809 consilio
1194 1772 1324 1808 antea
1356 1781 1460 1822 pro-

3 1830 36 1895 ἰ
95 1821 555 1880 positam‘planissime
576 1822 846 1865 confirment.
906 1823 1064 1879 Neque
1094 1838 1198 1865 vero
1228 1823 1315 1865 iam
1346 1837 1457 1878 opus

19 1895 29 1911 ··
95 1869 222 1938 eriis,
249 1883 302 1921 ut
336 1885 475 1921 artem
503 1885 545 1921 et
575 1880 936 1936 compositionem
967 1879 1109 1936 operis
1142 1879 1238 1922 aliis
1277 1894 1456 1934 quoque

95 1932 346 1991 nominibus
390 1934 715 1978 consideremus
732 1969 744 1991 ,
797 1951 927 1992 quam
976 1937 1062 1978 iam
1103 1937 1210 1980 satis
1259 1942 1458 1993 apertam

96 1994 192 2042 esse
220 1991 544 2037 existimamus.
602 1991 721 2035 Illud
751 2009 898 2042 unum,
915 1993 1052 2052 igitur
1081 1992 1302 2037 addidisse
1332 1993 1458 2036 iuva-

10 2051 41 2105 j}
96 2049 184 2106 bit,
225 2048 414 2108 probata
455 2054 606 2092 nostra
643 2048 697 2092 de
729 2065 896 2093 summa
934 2051 1076 2107 operis
1107 2051 1325 2094 sententia
1355 2066 1459 2094 con-

96 2106 222 2163 tinuo
248 2105 392 2150 'etiam
431 2105 669 2158 clarissime
715 2123 941 2166 apparere,
975 2123 1189 2164 quaenam
1220 2108 1276 2151 sit
1307 2108 1459 2166 singu-

97 2162 235 2222 larum
253 2211 255 2213 ,
276 2162 368 2208 eius
406 2163 600 2231 partium
642 2164 846 2208 iunctura
895 2173 1024 2222 atque
1065 2164 1367 2221 cohaerentia,
1411 2171 1460 2208 ut

79 2210 446 2281 meii'disputatlo
479 2219 534 2264 de
563 2220 867 2280 hoplomachia
886 2222 1089 2265 instituta
1117 2222 1215 2266 loco
1246 2223 1458 2282 prooemii

98 2271 300 2338 habenda
327 2277 541 2322 videatur.

199 2349 306 2396 Sed
341 2350 410 2396 his
448 2353 660 2409 expositis
717 2353 803 2396 iam
860 2353 1005 2398 adhuc
1058 2354 1210 2398 licebit
1260 2353 1314 2397 de
1358 2354 1457 2397 libri

0 2441 18 2460 2.
99 2405 190 2469 fide
217 2414 262 2452 et
290 2409 548 2468 auctoritate
582 2409 722 2466 deque
750 2411 863 2466 loco,
896 2427 1025 2467 quem
1074 2411 1145 2454 ille
1198 2412 1243 2454 in
1277 2427 1457 2455 numero

25 2501 31 2504 -
99 2466 185 2523 seri
216 2472 360 2510 torum
388 2465 713 2522 Platonicorum
754 2467 970 2524 obtineat,
1012 2469 1164 2526 paucis
1203 2468 1455 2526 disputare:

99 2539 131 2580 q
247 2529 480 2579 utrumque
510 2531 812 2583 argumentum
842 2532 891 2568 ut
921 2526 1110 2570 breviter
1139 2527 1293 2570 saltem
1322 2527 1455 2568 attin-

34 2587 38 2598 ’
97 2595 280 2639 gamus,
310 2581 432 2624 varia
459 2580 620 2625 iudicia
649 2583 840 2626 virorum
872 2582 1100 2627 doctorum
1129 2584 1314 2638 faciunt,
1346 2598 1456 2638 quae

99 2653 237 2697 nuper
265 2637 320 2682 de
348 2636 418 2681 his
447 2638 577 2682 rebus
609 2640 782 2698 publice
811 2647 914 2684 sunt
941 2640 1182 2699 proposita.

161 2736 162 2739 =
212 2710 274 2756 Et
317 2712 621 2756 auctoritatem
684 2713 860 2770 quidem
896 2730 938 2757 *o
973 2715 1056 2759 eris
1115 2722 1267 2758 nostra
1312 2719 1455 2757 aetate

100 2781 211 2813 uuus
249 2769 432 2814 maxime
474 2769 620 2814 Frid.
668 2771 866 2815 Astius
962 2788 998 2815 e.
1054 2771 1148 2815 Vit.
1192 2778 1234 2814 et
1271 2770 1454 2829 Scriptis
