1742 2970
361 241 443 282 344
738 235 1228 279 PROLEGOMENA
1259 236 1314 278 ad

359 350 519 394 imitari
558 357 602 391 et
639 349 957 405 quodammodo
995 363 1292 392 consummare
1333 348 1539 392 voluerit.¹
1592 347 1708 391 Nam

362 406 725 464 quemadmodum
767 407 813 447 in
852 406 991 461 primo
1022 406 1253 449 Alcibiade
1294 405 1513 461 superbus
1536 404 1707 448 adoles-

361 479 464 507 cens
494 478 544 505 eo
574 463 851 518 perducitur,
883 469 932 504 ut
961 463 1235 518 quantumvis
1266 461 1530 517 reipublicae
1552 475 1610 505 ¹ea
1641 476 1708 504 es-

361 520 523 563 sendae
555 519 793 576 cupiditate
821 519 1046 574 incensus,
1089 525 1233 562 tamen
1264 533 1311 561 se
1342 533 1486 560 rerum
1517 517 1601 561 civi
1619 532 1707 560 lum

361 577 504 620 adhuc
542 576 743 633 ignarum
772 590 867 619 esse
886 576 1179 629 confiteatur,
1209 576 1272 617 ita
1301 575 1414 617 idem
1443 575 1590 618 illein
1623 575 1707 617 hoc

361 647 579 686 sermone,
622 647 754 687 quum
801 632 858 674 sit
887 633 1236 686 sacrificaturus,
1267 638 1490 688 postremo
1519 632 1558 674 is
1586 630 1707 673 vide-

359 697 432 732 tur
470 704 592 743 esse,
634 690 710 744 qui
741 688 846 744 quid
877 689 931 744 ad
961 695 1127 731 rectum
1158 688 1336 730 deorum
1367 688 1531 731 cultum
1561 695 1607 730 et
1635 703 1707 730 ve-

359 746 627 789 nerationem
663 745 932 800 requiratur,
978 760 1154 801 prorsus
1183 745 1370 802 ignoret.
1429 745 1549 788 Hinc
1576 745 1709 802 igitur

359 803 488 845 facile
526 801 671 858 potuit
710 801 935 856 accidere,
977 808 1027 843 ut
1056 817 1081 844 0
1115 816 1192 856 us,
1225 801 1423 856 quamvis
1453 817 1479 843 a
1509 801 1707 844 Platonis

362 863 453 900 arte
492 864 536 900 et
568 857 735 899 ratione
763 857 945 899 multum
975 872 1072 900 rece
1107 863 1221 911 eret,
1252 866 1396 900 tamen
1426 858 1512 900 iam
1542 864 1707 901 mature

359 929 438 971 pro
469 913 697 956 Platonico
737 913 1098 955 circumferretur.
1165 913 1355 955 Dicendi
1394 929 1533 980 genus
1564 920 1708 958 autem

362 976 630 1027 quantopere
672 968 774 1011 huic
805 969 997 1025 opinioni
1031 969 1250 1024 officeret,
1281 968 1313 1010 ii
1351 971 1530 1013 minime
1561 985 1708 1013 sense*

360 1031 487 1081 runt,
533 1027 608 1081 qui
646 1025 938 1081 posteriorum
976 1033 1216 1082 temporum
1255 1027 1442 1069 sermoni
1463 1026 1709 1070 *adsuefacti

360 1097 463 1126 suae
497 1082 652 1124 aetatis
683 1081 907 1137 squalores
941 1097 967 1123 a
995 1082 1194 1124 Platonis
1223 1087 1268 1124 et
1282 1082 1602 1139 Xenophontis>
1624 1083 1710 1124 ele—

363 1139 511 1196 gantia
540 1153 766 1181 secernere
799 1154 885 1180 non
915 1144 1164 1194 potuerunt.

475 1194 565 1239 Sed
605 1195 712 1236 satis
752 1194 859 1236 haec
899 1195 953 1236 de
992 1195 1127 1237 libelli
1165 1195 1343 1238 dotibus
1381 1201 1426 1238 et
1453 1194 1708 1253 originibus.

359 1252 537 1305 Restat,
577 1256 626 1292 ut
663 1251 717 1292 de
758 1265 900 1292 errore
942 1251 1130 1306 quodam
1172 1250 1404 1295 dicendum
1436 1252 1497 1295 sit
1525 1253 1654 1294 etiam
1684 1267 1711 1294 a

359 1306 670 1350 recentissimis
711 1307 803 1349 eius
852 1308 1164 1363 interpretibus
1202 1314 1459 1367 propagato.
1526 1307 1710 1351 Pervul-

391 1371 463 1406 ata
493 1364 603 1406 enim
635 1364 828 1405 virorum
857 1363 1084 1406 doctorum
1115 1365 1260 1421 opinio
1285 1371 1353 1408 est
1378 1366 1414 1408 P
1431 1366 1636 1408 ersium
1665 1365 1710 1408 in

359 1378 519 1478 {atyra
557 1419 776 1473 secunda,
818 1420 1147 1463 Iuvenalem
1187 1421 1233 1463 in
1276 1421 1422 1465 Satira
1461 1421 1629 1465 decima
1660 1437 1710 1464 ac

358 1481 586 1533 praeterea
615 1476 922 1518 Lucianum
952 1476 1272 1534 Icaromenipp.
1311 1493 1348 1520 c.
1380 1479 1457 1520 25.·
1478 1477 1639 1536 Navig.
1674 1493 1708 1522 s.

358 1533 488 1576 Votis
537 1533 576 1588 ξ.
620 1534 670 1575 13
711 1547 808 1587 sqq.
850 1549 893 1589 p.
943 1535 1039 1575 491.
1073 1534 1123 1576 Τ.
1154 1533 1217 1575 ΙΙ.
1251 1533 1318 1576 ed.
1349 1533 1511 1578 Graev.
1541 1549 1597 1578 ex
1625 1532 1710 1578 hoo

357 1590 468 1632 libro
509 1589 781 1644 aliquantum
817 1590 1066 1644 profecisse.
1135 1589 1269 1644 Quod
1307 1591 1509 1647 profecto.
1553 1591 1710 1648 permi-

358 1662 453 1688 rum
494 1651 630 1699 esset,
683 1645 900 1700 siquidem
947 1661 1033 1688 non
1088 1661 1163 1688 eae
1202 1652 1306 1698 sunt
1343 1647 1471 1691 huius
1512 1648 1711 1704 opusculi

358 1703 553 1756 virtutes,
587 1701 744 1756 quibus
775 1701 1116 1758 ingeniosissimi
1146 1703 1341 1745 homines
1362 1703 1471 1747 adeo
1503 1703 1710 1747 delectari

392 1758 595 1801 otuerint.
657 1758 720 1799 At
760 1759 873 1799 enim
912 1774 1014 1801 vero
1046 1759 1208 1801 frustra
1235 1760 1433 1816 profecto
1465 1776 1516 1803 ac
1545 1766 1708 1804 temere

359 1774 467 1856 Eaec
509 1821 708 1856 narratur
746 1815 906 1856 fabula.
966 1815 1081 1857 Nam
1111 1815 1225 1872 apud
1256 1816 1504 1859 Lucianum
1535 1817 1708 1872 quidem

357 1871 610 1912 imitationis
641 1885 722 1912 nec
743 1870 843 1912 vola
870 1885 952 1913 nec
971 1872 1204 1928 vestigium
1224 1878 1378 1915 exstat.
1438 1873 1559 1927 Quid
1589 1874 1709 1929 quod

357 1933 452 1969 tota
468 1942 537 1969 res
561 1928 690 1968 unius
721 1925 1054 1969 Buttmanni
1086 1943 1229 1971 errore
1261 1930 1438 1982 nititur-3
1470 1930 1545 1985 qui
1576 1945 1708 1986 quum

359 1999 383 2024 a
422 1981 760 2025 Gottlebero
798 1984 1039 2040 accepisset
1077 1984 1322 2027 Lucianum
1361 2000 1535 2041 quoque
1566 1986 1707 2029 ridere

357 2040 526 2096 ineptas
567 2040 789 2081 hominum
828 2046 1006 2095 preces,
1050 2046 1260 2097 protenus
1298 2043 1476 2084 ineam
1501 2042 1706 2085 inductus

357 2096 611 2138 sententiam
643 2102 730 2149 est,
773 2101 822 2137 ut
853 2097 1108 2152 scriptorem
1138 2098 1463 2142 festivissimum
1504 2099 1706 2154 opinare—

357 2161 429 2192 tur
478 2151 758 2193 homuncioni
808 2158 959 2194 nostro
1009 2154 1204 2195 nonnihil
1254 2160 1483 2210 acceptum
1527 2155 1702 2210 referre,

357 2207 475 2260 quod
506 2223 560 2249 ne
591 2206 876 2250 Gottleberus
908 2208 1084 2262 quidem
1114 2210 1197 2252 sibi
1226 2216 1515 2265 persuaserat.
1551 2211 1704 2255 >Simi-

356 2262 409 2304 lis
447 2278 580 2305 causa
616 2263 756 2305 Persii
793 2270 860 2304 est
899 2271 941 2305 et
977 2265 1210 2308 Iuvenalis.
1273 2266 1451 2309 Persius
1481 2268 1595 2310 enim
1623 2269 1703 2311 etsi

354 2319 455 2360 item
487 2318 667 2360 stolidas
707 2319 929 2360 hominum
958 2336 1109 2376 preces
1136 2328 1270 2377 atque
1301 2334 1404 2365 vota
1430 2324 1700 2381 perstringit,

354 2373 540 2430 ideoque
584 2375 743 2417 similes
783 2375 996 2430 quasdam
1027 2377 1159 2419 habet
1191 2380 1443 2434 sententias,
1471 2386 1616 2423 tamen
1646 2381 1701 2423 ad

355 2429 471 2473 hunc
507 2430 663 2473 librum
710 2447 764 2474 ne
812 2432 944 2474 verbo
992 2433 1167 2488 quidem
1197 2436 1400 2491 respexit.
1459 2435 1560 2478 Nisi>
1589 2437 1700 2479 {orte

357 2487 484 2529 etiam
522 2487 753 2530 Horatium
793 2488 1055 2532 contendere
1100 2491 1230 2546 velis,
1273 2492 1372 2546 quia
1411 2491 1524 2535 idem
1555 2494 1700 2550 attigit

357 2549 673 2601 argumentum,
705 2544 820 2586 hunc
850 2544 1069 2602 dialogum
1099 2547 1154 2589 ob
1187 2548 1336 2590 oculos
1365 2548 1582 2591 habuisse.
1613 2550 1698 2591 Re-

357 2605 446 2641 stat
473 2600 606 2657 igitur
635 2615 746 2642 unus
775 2601 1006 2656 Iuvenalis,
1041 2603 1094 2645 de
1125 2619 1212 2659 quo
1241 2610 1290 2646 ut
1318 2604 1469 2660 paucis
1500 2605 1696 2647 absolva-

356 2670 465 2710 mus,
499 2656 691 2699 sobrium
722 2657 827 2698 facit
868 2659 1173 2701 Alexandri
1204 2658 1447 2716 Ruperti*
1471 2661 1694 2715 iudicium,

357 2713 431 2767 qui
470 2712 520 2754 T.
559 2712 595 2755 I.
627 2729 666 2769 p.
707 2714 797 2756 190.
827 2713 1080 2757 imitationis
1123 2717 1306 2772 vestigia
1336 2716 1423 2758 ulla
1453 2718 1569 2774 apud
1599 2733 1696 2761 eum

357 2782 563 2823 expressa
603 2769 717 2812 cerni
757 2784 922 2812 summo
960 2772 1050 2813 iure
1089 2774 1273 2828 negavit.
1333 2773 1444 2814 Nam
1475 2773 1591 2828 quod
1623 2775 1694 2816 Iu-
