1754 2964
353 185 407 225 36
841 185 1219 230 PLATONIS

356 295 636 356 ἐκελεύσαμεν
672 300 1023 347 συνθεοὲσασθαι
1057 302 1136 354 ἐγώ
1172 320 1216 347 τε
1253 307 1325 347 καὶ
1349 304 1574 359 Μελησιας
1608 305 1702 358 ὅδε,

355 364 452 409 τότε
500 368 579 422 μὲν
629 364 709 410 οὐκ
754 368 970 426 εἴπομεν.
997 372 1078 414 νῦν
1124 368 1162 414 δ’
1213 373 1413 426 ἐροῦμεν.
1455 370 1700 432 ἡγούμεθα

358 430 444 490 γὰρ
477 435 638 489 χρῆναι
673 434 783 489 πρός
818 454 863 489 ys
898 435 1014 492 ὑμᾶς
1055 435 1461 495 παρ’ῥησιοὶζεσθᾏαι
1498 442 1587 484 ὲὶσὶ
1610 441 1700 498 2029

358 503 570 555 τινες,ῖοῖ
607 502 693 543 τῶν
728 503 940 553 τοιούτων
977 506 1263 560 uatayesslwm,
1298 507 1371 548 καὶ
1405 505 1486 549 ἐάν
1521 523 1587 559 τις
1620 508 1702 552 αὐ-

359 575 452 618 τοῖς
509 569 906 624 συμβουλεύσηται,
965 571 1044 614 οὐκ
1098 569 1155 615 ἂν
1201 571 1368 615 εἴποιεν
1421 570 1449 615 ἃ
1505 577 1700 625 νοοῦσιν,

273 633 313 674 Β
358 631 470 677 ἀλλὰ
516 635 828 691 στοχαζόμενοι
882 640 959 681 τοῦ
1010 640 1413 695 συμβουλευομένου
1469 636 1583 692 ἄλλα
1635 645 1701 685 λε’-

359 717 486 758 γουσι
518 719 639 763 παρα
674 702 754 756 τὴν
790 707 957 748 ἑαυτῶν
996 705 1146 758 δόξαν·
1195 704 1312 761 ὑμᾶς
1359 708 1404 748 ὁὲ
1440 704 1561 764 ἡμεῖς
1594 706 1701 764 ⁷52¹]-

358 766 543 825 σάμενοι
578 772 650 813 καὶ
686 771 865 824 ἱκανοὺς
898 774 1089 826 γνῶναι,
1132 774 1204 815 καὶ
1240 770 1428 827 γνόντας
1460 772 1612 826 ἁπλῶς
1643 775 1703 819 ἂν

450 909 536 951 Cap.
563 909 587 946 l.
637 909 678 943 P.
706 909 782 944 178.
832 911 1178 954 συνθεάσασθαι]
1205 912 1289 945 Ven.
1315 913 1354 949 Ξ.

881 958 1181 991 συνθεάσασθαι.
1203 958 1305 993 Bodl.
1331 957 1589 993 συνθεάσασθε.

362 954 440 987 ΒΟ.
467 955 570 986 Barb.
596 954 687 989 Flor
714 966 742 987 a.
769 967 797 991 c.
824 968 855 989 o.

1378 913 1453 949 Pal.
1478 917 1513 947 et
1536 914 1568 947 in
1595 925 1700 955 marg.

1625 962 1699 996 Vat.

363 999 401 1039 Θ,
426 999 674 1033 συντεθέασθε.
703 1001 789 1034 Veli.
818 1004 911 1038 editt
939 1009 1075 1045 praeter
1102 1004 1184 1036 Bas.
1207 1004 1240 1036 ⁴2.
1268 1004 1536 1042 συντεθεᾶσθαι.

448 1046 488 1078 B.
537 1044 636 1078 ἄλλα
661 1045 853 1091 λέγουσι]
880 1050 1003 1082 ιοοῦσι
1027 1050 1128 1083 Bodl.
1154 1049 1230 1082 Vnt.
1256 1047 1293 1084 Θ.
1317 1045 1395 1087 Par.
1413 1048 1459 1083 G.
1484 1040 1582 1085 vind.
1609 1055 1644 1084 et
1667 1052 1699 1083 in

356 1102 459 1147 marg.
487 1092 577 1126 Flor.
603 1103 633 1126 a.
660 1103 689 1125 c.
738 1095 840 1127 Male.
889 1095 971 1128 Dein
1008 1107 1069 1138 pro
1095 1095 1227 1129 ἑαυτῶν
1256 1093 1424 1139 Vat.61·p
1448 1092 1572 1131 αὐτῶν.
1598 1094 1699 1131 Bodl.

354 1134 477 1177 αὐτῶν,
501 1137 594 1195 quod
621 1148 729 1181 nuper
754 1141 893 1173 editum.

447 1195 493 1216 πε
503 1195 521 1227 ρ
530 1184 541 1215 ἱ
567 1178 594 1215 ὦ
602 1195 621 1215 ν
644 1195 666 1224 μ
674 1195 690 1215 ε
684 1183 714 1216 ’λ
722 1186 738 1217 J.
747 1197 766 1225 ο
774 1197 819 1225 με
828 1198 847 1218 ι
852 1187 866 1229 ]
901 1186 1020 1229 Steph.
1047 1185 1239 1226 ἐμέλλομεν,
1271 1185 1364 1228 quod
1388 1195 1473 1220 unus
1496 1186 1599 1227 habel:
1619 1187 1699 1222 Par.

354 1298 452 1331 vidit
467 1297 764 1331 Casaubonus
794 1298 837 1331 ad
871 1298 991 1332 Theo-

354 1344 480 1387 phrast.
515 1344 613 1377 Char.
650 1354 682 1387 p.
708 1344 761 1380 79.
796 1343 849 1377 ed.
878 1343 991 1377 Fisch.

354 1387 576 1431 ,,Ὁπλομάχοι
617 1394 716 1431 sunt,
763 1390 889 1432 inquit,
934 1391 991 1432 qui

357 1437 420 1469 snb
458 1436 712 1479 campidoctore
758 1436 847 1469 veris
886 1437 991 1468 armis

356 1487 488 1515 certare
513 1482 659 1520 discunt,
685 1485 743 1514 aut
763 1483 825 1525 ipsi
850 1482 904 1524 qni
930 1481 992 1514 do-

349 1533 457 1563 cent:
492 1532 573 1570 puto
605 1528 693 1560 enirn
726 1532 908 1569 utrumque
932 1527 993 1562 hac

313 1612 316 1616 ⁴
343 1582 454 1606 voce·
477 1574 667 1615 significari,
702 1584 733 1608 v,
762 1576 890 1607 Platon.
925 1573 994 1606 La-

344 1616 445 1652 achet.
495 1622 539 1652 At
563 1619 718 1651 iuventus
741 1629 808 1652 non
824 1620 913 1651 veris
938 1630 992 1651 ar-

355 1665 421 1698 mis
456 1675 493 1697 se
525 1664 727 1708 exercebat,
759 1664 819 1697 sed
853 1665 992 1697 rudibus

307 1710 311 1714 ”
355 1714 414 1744 aut
439 1710 513 1752 pilis
538 1710 744 1753 praepilatis,
765 1721 856 1752 quae
873 1710 992 1743 dicun-

354 1759 411 1789 tur
441 1756 588 1789 Graecis
619 1754 857 1799 ἐσφαιρωμένα
887 1752 991 1789 α’κόν-

357 1813 420 1834 τια.
451 1801 702 1843 Xenophon
721 1803 793 1835 libr.
826 1803 867 1836 ll.
900 1805 991 1835 Ana—

354 1848 480 1880 baseos
511 1847 555 1879 de
583 1847 727 1880 Phalino
758 1847 906 1889 quodam
943 1848 991 1881 ita

354 1893 524 1926 Scribens.
550 1897 784 1936 προςὸπθιὸἷΐθ
800 1892 992 1936 ἒπισῒήμων

355 1934 442 1971 εἶναι
481 1939 547 1971 τῶν
585 1940 659 1982 περὶ
700 1937 760 1972 τὰς
797 1937 906 1981 τάξειε·
936 1939 990 1971 καὶ

357 1982 577 2026 ὁπλομαχιαν,
606 1985 740 2018 videtur
764 1985 899 2018 innuere
926 1984 988 2018 ho-

339 2031 554 2072 ,plomachos
592 2042 629 2062 ea
655 2035 769 2064 aetate
793 2030 899 2063 fuisse
927 2041 988 2072 ap-

355 2076 500 2118 pellatos
533 2076 635 2108 etiam
671 2087 749 2118 eos,
784 2076 839 2117 qui
872 2076 988 2108 tactici

354 2121 498 2154 Graecis
525 2121 660 2163 proprie
685 2121 877 2154 dicuntur.“
916 2120 986 2152 Lo·-

354 2176 416 2198 cus
448 2165 753 2209 Xenophontis
797 2171 849 2199 est
879 2166 986 2198 Anab.

323 2212 404 2250 211,
434 2212 468 2252 1,
492 2211 538 2250 7..
563 2213 605 2244 ad
630 2222 729 2254 quem
756 2209 987 2244 Schneide-

353 2267 424 2289 rus
450 2261 485 2289 et-
513 2257 837 2291 Bo*rnemannus
863 2257 907 2289 de
932 2267 989 2290 ea-

354 2302 431 2336 dem
456 2313 493 2335 re
526 2302 718 2345 diligentius
743 2306 985 2345 exposuerunt.

355 2351 463 2395 Agute
496 2349 581 2382 enim
606 2350 799 2382 observavit
826 2349 988 2380 Borne-

354 2403 550 2434 mannu8‚
597 2405 698 2436 quum
750 2395 878 2427 Persae
918 2403 985 2426 uon

354 2439 418 2480 nisi
449 2439 488 2471 iis
522 2441 626 2472 armis
656 2441 706 2472 usi
739 2440 825 2480 sint,
862 2439 985 2482 quibus

355 2484 486 2524 eminus
511 2495 659 2528 pugnare
682 2486 833 2526 licuerit,
860 2486 985 2518 Graeci

358 2534 472 2573 autem
503 2534 639 2573 praeter
670 2531 843 2564 thoracem
877 2531 986 2572 galea,

349 2575 488 2618 gladiis,
536 2578 645 2609 ocreis
686 2577 792 2610 induti
836 2586 985 2619 pugnam

350 2621 505 2663 inierint,
543 2621 716 2655 Phalinum
752 2621 819 2655 rhoc
851 2632 984 2665 pugnae

350 2676 476 2709 genere
504 2668 650 2701 maxime
687 2668 911 2710 superbiisse,
946 2671 982 2700 ut

1060 1299 1205 1332 Graecis
1246 1299 1369 1333 usitata
1405 1279 1603 1342 magistrum
1645 1310 1698 1332 se-

1058 1350 1256 1386 querentur.
1294 1344 1346 1378 Ex
1367 1354 1437 1386 qua
1454 1345 1699 1385 ‘obaervutione

1059 1393 1185 1424 clarum
1212 1391 1269 1432 fit,
1304 1389 1385 1432 quid
1418 1390 1466 1424 sit
1499 1386 1696 1432 όπλομαχία.

1061 1437 1267 1469 Dicebantur
1297 1436 1385 1470 enim
1417 1434 1455 1469 ἐν
1486 1433 1606 1469 ὅπλοις
1635 1435 1697 1477 μά-

1059 1482 1199 1523 χεσθαι,
1223 1482 1280 1524 qui
1305 1482 1398 1515 omni
1422 1485 1560 1516 utentes
1585 1493 1697 1516 arma—

1059 1532 1134 1561 tura
1191 1527 1371 1570 pugnando
1419 1531 1497 1561 sebe
1543 1529 1695 1568 scienter

1062 1574 1269 1611 exercebant
1307 1576 1412 1615 atque
1447 1573 1552 1607 armis
1597 1573 1697 1608 lude-

1060 1619 1150 1652 bant.
1188 1630 1189 1634 ¹
1229 1619 1340 1654 Quam
1395 1618 1534 1661 quidem
1587 1620 1694 1653 artem

1062 1664 1316 1698 Athenaeus
1340 1664 1403 1705 IV,
1430 1665 1484 1701 13.
1509 1676 1542 1708 p.
1565 1664 1638 1700 154.
1655 1664 1695 1700 Ε.

1059 1714 1181 1743 auctor
1205 1714 1258 1743 est
1282 1710 1431 1752 primum
1449 1710 1611 1744 docuisse
1627 1711 1695 1744 De-

1058 1767 1170 1789 meam
1207 1756 1379 1798 quendam
1419 1755 1694 1792 Mantineeusem

1058 1802 1232 1842 lanistam3
1256 1799 1382 1836 deinde
1405 1801 1508 1834 etiam
1534 1813 1554 1834 a
1579 1802 1696 1845 sophi-

1057 1847 1119 1880 stis
1160 1847 1346 1880 factitatum
1382 1855 1464 1879 esse
1492 1857 1544 1881 ex
1583 1847 1696 1882 Plat.

1057 1892 1264 1934 Euthydem.
1295 1902 1328 1938 p.
1359 1890 1438 1926 271.
1469 1891 1515 1925 Β.
1533 1896 1580 1928 et
1614 1893 1694 1926 Xe-

1055 1937 1182 1983 noph.
1227 1938 1336 1971 Mem.
1373 1937 1508 1973 11121.
1547 1937 1694 1980 constat,

1053 1993 1242 2037 quanquam
1263 1982 1294 2016 hi
1318 1989 1422 2026 saepe
1441 1984 1571 2018 nonnisi
1587 1984 1693 2018 disci-

1008 2024 1017 2035 ‘
1055 2030 1180 2071 plinam
1208 2030 1278 2062 eius
1309 2027 1480 2070 quandam
1506 2025 1692 2063 tradidisse

1053 2073 1221 2108 videntur.
1274 2073 1400 2116 Itaque
1437 2074 1571 2107 omnino
1614 2076 1692 2116 qui-

1054 2120 1131 2152 dem
1164 2119 1334 2152 simillima
1379 2117 1451 2152 suit
1482 2120 1547 2152 arti
1584 2121 1690 2153 armis

1054 2165 1208 2197 certandi
1220 2189 1239 2204 ,ι
1255 2165 1388 2206 qualem
1417 2162 1519 2201 hodie
1532 2166 1690 2207 studiosi

1054 2210 1240 2243 litterarum
1288 2213 1461 2243 exercent.
1516 2209 1554 2243 fd
1587 2211 1689 2253 quod

1053 2255 1250 2298 intelligitur
1275 2256 1382 2288 etiam
1412 2265 1454 2288 ex
1478 2255 1687 2298 p.182.A.

1053 2302 1110 2333 ubi
1143 2302 1245 2334 τοῦτο
1275 2298 1313 2333 τὸ
1345 2298 1544 2344 yvzwa'omv'
1564 2301 1689 2336 dicitur

1053 2345 1191 2387 μάλιστα
1214 2343 1396 2402 προς-ήκειν
1417 2345 1607 2402 ἐλευθέρα»,
1637 2348 1687 2380 si-

1055 2394 1122 2426 cuti
1140 2394 1239 2426 etiam
1266 2389 1287 2435 ἦ
1306 2390 1435 2436 ἱππική,
1456 2403 1530 2426 ars
1555 2402 1687 2434 eque-

1052 2439 1171 2471 stris.
1226 2438 1370 2472 Fallitur
1394 2442 1525 2478 'autem
1546 2439 1686 2480 mirifice

1052 2484 1364 2518 winkelmanni.
1389 2484 1544 2526 Pmlegg.
1557 2484 1600 2516 ad
1615 2476 1685 2521 ‘nu-

1053 2529 1202 2570 thydem.
1226 2541 1258 2572 p.
1274 2522 1441 2564 XXVIII.
1466 2539 1603 2563 omnem
1627 2533 1682 2563 ta-

1051 2577 1170 2609 cticam
1184 2581 1293 2609 artem
1319 2571 1503 2618 ὀπὶομαχίᾳ
1525 2585 1683 2618 compre-

1050 2620 1188 2655 hensam
1228 2622 1336 2654 fuisse
1363 2621 1571 2655 existimans.
1614 2620 1680 2654 Cui

1049 2667 1196 2709 opinioni
1250 2667 1308 2708 vel
1352 2675 1395 2700 ea
1444 2665 1679 2708 adversantur,

350 2712 509 2746 videlicet
531 2713 662 2746 barbari
695 2713 857 2747 haberent
878 2722 978 2755 quem
1046 2722 1132 2753 quae
1157 2713 1240 2746 infra
1257 2723 1291 2756 p.
1312 2711 1386 2747 ¹82.
1405 2711 1445 2747 Β.
1472 2710 1678 2745 Niciasdis-

346 2757 379 2790 in
405 2757 610 2795 addiscenda
646 2759 817 2803 pugnandi
847 2760 979 2794 ratione
1045 2759 1146 2799 serit,
1171 2759 1216 2792 ut*
1230 2759 1298 2792 alia
1323 2761 1508 2792 taceamus.
