1742 2970
347 243 433 282 210
736 220 1223 283 PROLEG'OMENA
1256 241 1310 283 ad

346 351 521 394 tandem
553 365 650 393 eum
680 352 876 395 studiose
904 354 1061 395 sectari
1090 354 1339 396 constituat.
1370 353 1587 397 Nimirum
1603 361 1698 397 erat

345 407 599 451 Alcibiades
619 410 739 452 vario
759 414 803 451 et
822 410 1045 452 versatili
1034 411 1225 468 ingenio,
1257 417 1307 452 ut
1323 410 1481 453 facile
1469 426 1516 453 111
1535 416 1697 455 utram-

346 480 430 520 que
462 470 628 520 partem
657 472 919 508 moveretur.
962 466 1118 522 Itaque
1147 466 1373 510 Socratem
1405 466 1587 510 audiens
1605 467 1698 510 eius

346 522 540 564 oratione
572 523 741 564 solebat
770 523 831 564 ita
862 522 1041 565 deleniri
1070 529 1199 588 atque
1231 539 1282 565 00
1312 523 1442 566 modo
1474 523 1618 578 affici,
1650 529 1699 566 ut

345 579 556 634 pristinae
587 579 748 621 oblitus
778 579 966 621 levitatis
998 580 1159 636 optima
1188 595 1385 635 quaeque
1417 555 1618 623 consilia
1627 595 1698 623 ca-

344 641 466 690 peret
495 650 574 676 nec
603 636 799 692 magistri
829 636 992 677 monita
1021 642 1065 678 et
1094 643 1325 692 praecepta
1355 643 1539 678 temere
1548 651 1697 694 asper-

344 698 532 733 naretur.
572 692 642 733 De
674 708 759 746 qua
779 707 824 734 re
844 692 1015 734 divinus
1043 706 1110 735 est
1128 693 1250 735 locus
1276 692 1498 750 Symposii
1533 707 1576 748 Β.
1597 695 1699 736 216.

344 748 400 790 A.
422 748 473 789 B.
486 746 761 803 0.,(1110011111
784 748 1062 791 contendisse
1082 749 1247 818 iuvabit
1264 749 1699 815 illanenophon-

345 804 419 845 tis
449 805 724 859 Mem.I‚2‚
764 806 827 847 18.
868 805 970 847 olda
1001 809 1046 848 δὲ
1078 805 1261 848 κάκείνω
1306 804 1521 872 (Critiam
1550 811 1595 848 et
1621 806 1701 849 Al-

346 860 579 915 cibiadem)
612 863 950 930 σωφρονοῦντε,
983 864 1071 912 ἔςτε
1101 859 1390 930 Σωκρατει)
1368 877 1615 924 ουνηστην,
1648 862 1699 905 ού

346 918 633 985 φοβουμένω,
665 919 725 972 μὴ
757 918 984 981 ζημιοῖντο
1016 915 1044 970 ἢ
1073 921 1277 961 παίοιντο
1294 917 1382 962 ὑπο
1407 917 1701 977 Σωκοάτους,

345 972 432 1014 ἀλ)’
458 977 649 1015 niomium
675 973 774 1016 τότε
799 971 1034 1016 κοεὲτιστον
1056 975 1169 1017 εἶναι
1189 973 1304 1017 οὑτω
1335 972 1556 1031 πράττειν.
1585 976 1699 1018 conf.

347 1045 444 1072 ann.
478 1029 530 1071 ad
563 1047 605 1086 p.
657 1031 746 1072 135.
780 1017 839 1074 C.
888 1030 1012 1072 Haec
1041 1031 1175 1087 igitur
1204 1030 1349 1073 omnia
1368 1018 1605 1075 nobiseum
1634 1047 1701 1074 re-

344 1086 600 1150 putantibus
641 1087 789 1129 nescio
832 1102 917 1141 quo
958 1066 1086 1129 modo
1128 1103 1298 1142 semper
1335 1088 1476 1130 visum
1507 1094 1575 1130 est
1607 1103 1702 1130 eam

344 1144 389 1184 in
427 1142 510 1184 hoc
553 1158 749 1197 sermone
779 1143 972 1186 exhiberi
1003 1143 1245 1186 Alcibiadis
1276 1143 1566 1187 adolescentis
1595 1145 1702 1187 ima-

344 1199 503 1255 ginem,
528 1215 638 1255 quae
656 1200 744 1241 ad
735 1199 871 1255 lpsius
889 1200 1002 1241 vitae
1022 1201 1247 1242 velitatem
1264 1199 1498 1242 admodum
1517 1199 1701 1258 diligen-

344 1262 412 1296 ter
452 1270 656 1311 expressa
696 1257 764 1299 sit
827 1255 915 1298 Sed
957 1255 1181 1298 videamus
1223 1272 1340 1299 nunc
1373 1257 1503 1299 etiam
1535 1256 1588 1299 de
1595 1237 1702 1301 ε580--

346 1318 486 1365 crate,
525 1312 570 1353 in
609 1312 732 1354 cuius
773 1313 964 1354 moribus
1008 1313 1111 1354 item
1151 1314 1324 1354 fuerunt
1365 1314 1440 1368 qui
1483 1313 1700 1379 singulare

345 1367 551 1423 quiddam
594 1369 676 1411 sibi
719 1368 1061 1410 animadve1tere
1092 1369 1354 1414 viderentur.
1415 1369 1483 1411 Ac
1491 1370 1699 1435 primum

346 1424 517 1479 quidem
550 1424 657 1466 illud
688 1425 917 1467 offensioni
944 1425 1041 1479 fuit,
1074 1425 1191 1480 quod
1221 1426 1258 1468 is
1289 1426 1335 1467 in
1363 1426 1501 1482 princi
1537 1441 1587 1468 10
1607 1426 1700 1468 dia-

345 1481 436 1538 logi
467 1481 691 1523 Alcibiadi
725 1497 901 1537 operam
943 1497 1063 1523 suam
1106 1481 1379 1524 commendat
1408 1482 1510 1538 paul
1466 1442 1554 1524 uffo
1583 1482 1700 1526 inso-

324 1518 517 1580 lentius.
593 1538 806 1580 Nimirum
845 1538 928 1579 hoc
966 1553 1170 1603 pugnare
1207 1539 1346 1582 visum
1386 1544 1454 1580 est
1489 1553 1587 1584 cum
1626 1539 1701 1582 illa

345 1594 616 1647 urbanitate,
657 1590 743 1650 qua
787 1594 888 1636 alibi
930 1609 1051 1636 suam
1089 1595 1225 1649 ipsius
1256 1595 1514 1650 sapientiam
1543 1595 1698 1638 callide

347 1651 458 1691 celat
496 1665 546 1692 ac
587 1651 843 1693 dissimulat
903 1651 966 1692 At
1005 1666 1107 1692 veno
1145 1651 1329 1706 piimum
1369 1650 1541 1707 quidem
1582 1667 1697 1695 nunc

347 1721 442 1748 sese
494 1707 561 1748 dei
615 1707 873 1749 auctoritate
924 1713 966 1748 et
1015 1707 1135 1749 iussu
1179 1722 1306 1764 agere
1350 1707 1467 1749 dicit.
1525 1707 1700 1750 Deinde

317 1763 473 1817 .quale
502 1763 677 1805 tandem
709 1769 775 1806 est
813 1763 921 1804 illud
963 1763 1177 1818 officium,
1205 1743 1335 1829 quod
1373 1763 1699 1807 adolescentulo

346 1825 566 1874 praestare
596 1820 722 1862 vult?
784 1820 954 1876 Nempe
994 1819 1040 1861 id
1069 1835 1203 1862 unum
1234 1821 1326 1876 agit
1356 1821 1483 1875 εἴρων
1512 1820 1700 1864 callidis-

347 1876 504 1929 simus,
550 1883 599 1918 ut
638 1893 735 1919 eum
776 1876 831 1919 ad
872 1877 1144 1942 ignorantiae
1184 1877 1498 1920 confessionem
1539 1877 1699 1935 adigat.

345 1931 567 1986 Quocirca
614 1949 694 1976 nos
747 1933 920 1988 quidem
958 1933 1163 1975 usitatam
1203 1934 1294 1975 viri
1321 1912 1639 1976 urbanitatemt>
1654 1934 1699 1975 in

346 1988 429 2031 hoc
469 1989 564 2031 loco
603 1990 776 2032 minime
825 1989 1133 2033 desideramus.
1193 1991 1256 2032 At
1303 2005 1431 2046 vero,
1481 1983 1697 2046 inquiunt,

346 2045 453 2086 illud
486 2052 601 2088 certe
633 2062 719 2088 non
749 2052 869 2088 caret
898 2046 1096 2088 molestia
1125 2046 1325 2100 quadam,
1361 2045 1513 2111 quod
1507 2047 1699 2089 urbanus

345 2101 511 2143 scilicet
541 2101 746 2144 Socrates
786 2109 889 2144 tuus
929 2102 1247 2144 adolescentem
1287 2101 1470 2144 submde
1501 2102 1698 2159 increpat

346 2157 524 2211 gravius
557 2173 686 2212 quam
726 2173 819 2200 mos
859 2164 901 2199 et
942 2157 1210 2200 consuetudo
1247 2158 1434 2201 hominis
1463 2158 1698 2201 verecundi

346 2213 458 2254 fene
490 2213 701 2256 videatur.
764 2215 828 2255 At
869 2214 980 2255 enim
1021 2229 1125 2256 vero
1158 2213 1277 2269 quod
1307 2230 1332 2256 a
1361 2214 1624 2257 verecundia
1655 2221 1699 2256 et

344 2269 558 2312 modestia
588 2271 775 2313 alienum
806 2270 877 2325 sit,
910 2270 1017 2312 nihil
1047 2286 1071 2312 a
1091 2269 1272 2313 Socrate
1304 2270 1474 2313 admitti
1501 2271 1697 2314 memini-

346 2341 453 2368 mus.
514 2325 647 2379 Quod
678 2333 822 2369 autem
852 2326 1035 2369 subinde
1066 2326 1267 2382 deplorat
1295 2327 1462 2370 tristem
1491 2327 1697 2383 ignoran-

346 2382 433 2423 tiae
476 2382 783 2438 conditionem,
823 2383 867 2424 in
907 2399 993 2438 qua
1031 2389 1230 2425 versetur
1258 2382 1527 2437 Alcibiades
1558 2383 1696 2425 homi-

344 2453 531 2493 nemque
560 2446 833 2505 praematura
862 2441 906 2481 in
943 2440 1029 2481 enii
1059 2440 1262 2505 opinione
1292 2439 1470 2482 mirifice
1499 2439 1696 2482 inflatum

346 2495 500 2536 acerbe
531 2497 739 2552 castigat,
781 2496 827 2537 id
867 2455 940 2538 175
965 2496 1149 2538 maxime
1179 2496 1304 2538 decet
1335 2511 1447 2550 eum,
1479 2496 1554 2566 qui
1583 2501 1695 2539 teste

345 2551 592 2618 Xenoph.
625 2529 866 2607 Meni.111,
900 2553 1415 2624 9‚G.slb1pe1suaserat
1444 2550 1495 2595 τὸ
1518 2551 1695 2622 ἀγνοεῖν

347 2607 503 2650 ἑαυτὸν
533 2613 605 2651 καὶ
635 2611 696 2675 ιιῂ
728 2610 756 2650 ἁ
787 2609 878 2652 οἶδε
914 2586 1111 2662 δοξάζειν
1142 2626 1186 2652 τε
1218 2613 1288 2651 καὶ
1319 2609 1504 2651 ὀἴεσθαι
1527 2607 1693 2673 γιγνώ-

349 2679 491 2718 σκειν,
523 2665 741 2719 ἐγγυτάτω
771 2670 934 2719 μανίας
966 2665 1100 2720 εἶναι,
1142 2672 1185 2707 et
1215 2666 1288 2722 qui
1319 2665 1492 2707 omnino
1523 2664 1568 2706 in
1600 2680 1689 2719 005,

348 2721 420 2775 qui
465 2721 547 2763 sibi
589 2723 817 2764 temeraiio
866 2722 979 2765 fastu
1024 2737 1175 2778 sapere
1216 2721 1499 2776 videbantur,
1549 2721 1691 2764 acrius

347 2778 418 2820 inv
409 2778 491 2819 ehi
522 2786 829 2821 consueverat:
869 2778 922 2820 de
955 2794 1037 2833 qua
1070 2794 1114 2821 re
1146 2779 1302 2834 ipsum
1319 2777 1469 2820 audias
1502 2777 1692 2834 Apolog.
