1754 2964
311 201 365 242 30
704 199 1187 245 PROLEGOMENA
1218 202 1271 245 ad

312 313 522 357 sentiente
561 313 612 355 M
622 327 652 355 u
662 328 690 355 n
699 313 729 356 k
738 314 753 356 i
763 329 789 358 o
819 315 863 371 ⁸⁸⁸)
903 315 1138 358 Lachetem
1179 315 1456 374 Protagorae
1469 317 1652 364 *comitis

311 385 362 412 ac
391 369 499 412 socii
528 369 946 413 instar-adiunctum
976 372 1109 415 fuisse
1140 387 1166 414 a
1196 373 1393 428 Platone,
1423 388 1453 430 p
1579 376 1653 416 rea

310 425 431 524 quod
459 441 571 481 quae
600 427 646 469 in
664 428 908 485 Protagora
935 435 1058 485 parte
1089 435 1278 472 extrema
1327 452 1336 472 v.
1359 430 1456 473 348.
1527 469 1530 471 .
1575 433 1577 437 '
1643 463 1653 473 .

342 484 581 526 isserantur
608 483 782 527 brevius
811 491 855 527 et
886 485 1166 540 contractius,
1207 501 1259 528 ea
1317 486 1584 545 isputatione

310 539 504 583 Lachete
543 540 705 597 agitata
747 542 965 598 copiosius
994 542 1208 585 illustrata
1235 543 1334 586 sint.
1394 543 1465 588 De
1494 553 1581 601 qua
1604 558 1653 586 re

309 597 435 639 nobis
477 597 650 652 quidem
686 613 812 640 secus
856 598 1036 642 videmr.
1104 599 1216 642 Nam
1258 601 1445 656 primum
1470 599 1653 668 quidem

298 654 576 710 Protagorae
607 653 768 711 dialogi
799 655 1019 710 aliquanto
1060 656 1196 698 maior
1222 656 1395 699 videtur
1423 660 1526 701 dms
1555 671 1655 714 per·

309 710 466 765 (ectio,
497 716 546 752 ut
573 711 643 767 vel
673 718 904 768 propterea
935 712 1164 754 verisimile
1194 713 1263 768 sit,
1294 712 1548 770 Lachetem,
1571 715 1651 770 *qui

308 767 353 808 in
391 767 519 809 simili
559 783 609 809 ac
643 783 779 824 prope
818 768 968 811 eodem
1007 775 1258 826 argumento
1299 769 1653 813 tractanda-‹rer-

309 829 442 878 satur,
475 830 574 866 ante
591 824 877 882 Protagoram
894 825 1048 868 litteris
1073 833 1292 869 exaratum
1336 842 1444 870 esse.
1462 848 1466 850 ⁷
1482 826 1653 871 Deinde

310 894 421 934 quae
458 880 503 922 in
551 881 745 923 Lachete
786 881 839 923 de
874 882 1055 924 scientia
1094 882 1149 924 ad
1179 883 1382 926 virtutem
1410 885 1654 927 necessaria

309 937 498 991 itemque
530 936 584 978 de
616 937 822 979 virtutum
852 938 1016 980 unitate
1047 937 1342 994 disseruntur,
1382 955 1472 986 rem
1499 940 1654 989 leviter

309 998 475 1034 tantum
507 994 742 1051 attingunt,
770 999 821 1035 ut
841 995 982 1035 omnia
1002 994 1130 1050 plane
1158 995 1204 1037 in
1227 995 1653 1053 medio-‘relinquan-

307 1056 400 1101 tur3
439 1050 484 1091 in
523 1050 766 1106 Protagora
795 1056 939 1092 autem
968 1050 1100 1093 iidem
1129 1051 1215 1094 loci
1253 1047 1529 1096 excutiuntur
1572 1053 1652 1096 ali-

307 1112 469 1161 quanto
499 1107 717 1163 copiosius
747 1122 798 1149 ac
828 1106 1100 1163 diligentius,
1131 1108 1248 1163 quod
1278 1108 1451 1164 quidem
1481 1124 1524 1166 pi.
1552 1111 1651 1155 348.

306 1163 350 1205 D
394 1189 447 1195 -—
477 1164 574 1206 350.
615 1164 671 1205 D.
715 1163 823 1205 adeo
863 1179 914 1205 ea
950 1164 1116 1206 ratione
1155 1165 1249 1206 fieri
1288 1165 1652 1221 meminimus‚·'ut

307 1220 517 1276 imprimis
562 1220 691 1262 etiam
732 1219 998 1262 fortitudinis
1038 1220 1147 1262 ratio
1186 1221 1408 1276 habeatur,
1436 1223 1650 1266 *cuiuffibi

306 1284 463 1318 natura
502 1276 548 1318 in
588 1276 767 1319 clariore
803 1276 901 1318 luce
940 1276 1189 1319 collocatur.
1266 1278 1335 1320 Ex
1373 1293 1460 1334 quo
1484 1292 1650 1336 jconse-

307 1347 443 1389 quens
466 1339 547 1388 est,
577 1333 699 1383 utin
720 1333 973 1390 Protagora,
1005 1334 1131 1375 sicuti
1158 1334 1242 1376 iam
1273 1349 1404 1391 supra
1433 1335 1649 1393 significa-

305 1390 460 1443 vimus,
492 1389 675 1432 Lacheti
706 1390 835 1432 etiam
866 1390 1034 1445 plenior
1062 1390 1136 1432 lux
1165 1390 1434 1447 affundatur,
1464 1391 1649 1449 ideoque

306 1446 524 1502 posterior
567 1446 765 1504 dialogus
805 1447 1024 1503 superiore
1063 1447 1199 1490 serius
1229 1448 1414 1505 scriptus
1443 1462 1538 1492 esse
1597 1450 1649 1492 u·

305 1503 387 1545 tari
420 1502 585 1548 debeat.
643 1503 711 1545 Ex
743 1503 900 1558 quibus
931 1503 1125 1547 omnibus
1153 1504 1360 1559 efficitur,
1399 1511 1450 1557 ut
1477 1506 1572 1549 Lac
1603 1521 1648 1550 es

306 1566 350 1602 et
380 1559 697 1602 adolescentiae
726 1559 922 1603 Platonis
950 1560 1206 1604 tribuendus
1230 1567 1274 1604 et
1302 1567 1400 1604 ante
1435 1563 1648 1620 Protago-

305 1632 396 1658 ram
417 1617 603 1673 scriptus
622 1616 841 1673 putandus
863 1617 932 1659 sit.
974 1619 1120 1673 Atque
1140 1617 1246 1660 haec
1265 1619 1376 1675 ratio
1395 1631 1482 1662 non
1512 1619 1647 1662 medi-

305 1673 465 1715 ocriter
495 1673 624 1721 etiam
656 1688 706 1716 eo
738 1673 1029 1728 confirmatur,
1051 1674 1169 1730 quod
1189 1675 1262 1717 ubi
1283 1675 1527 1731 artificium,
1552 1691 1646 1732 ¹quo

305 1730 349 1772 in
380 1729 571 1772 Lachete
601 1730 780 1772 materia
807 1730 862 1772 ad
880 1730 1178 1774 illustrandum
1203 1730 1369 1774 delecta
1386 1738 1647 1787 pertractata

304 1798 385 1840 est,
418 1786 754 1840 consideramus,
783 1794 902 1829 tanta
930 1787 1044 1830 illius
1074 1787 1308 1831 similitudo
1331 1788 1646 1833 animadverti-

303 1850 375 1885 tur
414 1858 511 1885 eum
551 1843 791 1886 disserendi
827 1844 898 1886 via
940 1844 985 1886 in
1023 1843 1187 1902 Lyside
1204 1876 1216 1898 ,
1268 1844 1644 1910 Hippia'maiore,

303 1898 552 1955 Charmide,
582 1906 633 1941 ut
661 1900 767 1942 nihil
793 1900 903 1957 fingi
933 1900 1199 1958 cogitarique
1228 1907 1368 1956 possit
1386 1901 1645 1944 convenien-

303 1957 405 1999 tius.
471 1956 540 1998 Ex
580 1972 666 2011 quo
715 1972 949 2012 sanequam
1010 1957 1240 1999 verisimile
1295 1957 1368 2010 fit,
1425 1955 1645 2015 dialogum

301 2013 421 2054 illum
462 2013 595 2054 fuisse
625 2013 737 2054 inter
766 2013 974 2069 primitias
1005 2013 1160 2055 Musae
1190 2013 1464 2066 Platonicae,
1508 2029 1642 2068 quan—

302 2067 537 2124 doquidem
577 2069 758 2123 antiqua
794 2069 906 2110 fama
950 2075 1030 2122 est,
1061 2068 1269 2125 Lysidem
1298 2069 1489 2125 primum
1529 2070 1642 2115 uisse

302 2139 542 2168 sermonem
581 2140 607 2165 a
648 2125 831 2166 Platone
868 2125 912 2166 in
956 2125 1113 2190 vulgus
1166 2125 1378 2168 emissum.
1452 2125 1506 2169 In
1555 2141 1642 2183 quo

301 2188 445 2223 tamen
484 2180 716 2223 tenendum
755 2187 842 2234 est,
884 2181 1126 2223 arctissnna
1166 2196 1262 2223 eum
1303 2182 1515 2225 contineri
1544 2198 1642 2226 cum

301 2238 354 2280 iis
397 2237 580 2294 dialogis
613 2238 850 2294 argumenti
880 2238 1165 2295 cognatione,
1197 2238 1271 2293 qui
1299 2238 1342 2280 in
1371 2238 1544 2282 virtutis
1572 2255 1641 2282 ra-

300 2295 493 2337 tionibns
523 2293 798 2349 exquirendis
829 2301 1069 2348 versantur,
1099 2293 1266 2351 Hippia
1293 2295 1470 2350 minore,
1503 2294 1640 2338 Char-

300 2351 416 2394 mide
435 2384 447 2405 ,
487 2351 691 2405 Menone,
722 2350 1036 2408 Euthyphrone
1067 2356 1111 2393 et
1140 2350 1272 2393 Prota
1304 2367 1392 2394 ora.
1451 2350 1574 2407 Quos
1603 2353 1638 2395 si

298 2423 399 2450 cum
426 2408 524 2463 ipso
554 2406 865 2461 contendimus,
895 2407 1040 2450 nescio
1072 2422 1159 2462 quo
1197 2423 1266 2450 mo
1301 2423 1326 2450 o
1352 2408 1540 2452 'animum
1565 2420 1638 2451 su-

299 2464 366 2508 bit
394 2463 598 2521 cogitatio
611 2496 624 2519 ,
660 2463 871 2506 contineri
910 2464 955 2505 in
983 2464 1079 2520 ipso
1109 2469 1328 2519 tamquam
1356 2465 1477 2507 initia
1507 2479 1638 2520 quae-

301 2521 487 2564 stionum
538 2519 740 2576 deinceps
790 2519 843 2562 de
890 2521 1062 2563 virtutis
1108 2526 1264 2562 natura
1315 2536 1365 2564 ac
1412 2521 1638 2579 disciplina

302 2593 420 2620 more
451 2576 671 2621 Socratico
691 2576 998 2631 institutarum,
1030 2591 1138 2632 quae
1163 2576 1481 2632 quodammodo
1507 2578 1636 2621 etiam

349 2757 383 2798 *)
411 2757 498 2797 Opp.
523 2757 610 2791 Plat.
644 2756 717 2789 vol.
746 2757 769 2792 Ι.
800 2757 840 2788 P.
867 2756 892 2789 Ι.
922 2767 952 2799 p.
980 2756 1038 2791 32¹
1069 2768 1144 2799 sqq.
