1754 2964
559 205 968 278 CHARMIDEM.
1371 242 1451 284 113

80 350 258 400 notam,
298 360 350 388 ea
389 345 580 390 facere
619 362 700 390 nos
732 347 873 404 dicat,
917 354 966 391 ut
996 348 1106 392 adeo
1136 358 1269 407 poeta
1298 351 1451 408 pulcra

8 434 9 437 η
78 406 252 445 tantum
280 407 336 445 >et
374 402 500 446 utilia
534 404 769 461 propria
806 405 898 448 sive
929 410 1098 461 οἰκεῖα,
1140 408 1274 450 noxia
1302 414 1450 452 autem

81 457 397 503 et'inhonesta
435 460 621 503 aliena
660 461 879 506 iudicasse
925 463 1172 506 censendus
1215 465 1283 508 sit.
1360 465 1450 510 Hic

79 528 186 558 vero
217 514 450 560 Soorates=
477 518 542 560 At
572 533 717 560 nonne
745 519 894 576 potius
926 535 994 575 eo,
1027 520 1084 563 ad
1115 521 1234 577 quod
1254 523 1450 566 actiones

81 571 307 618 hominum
357 573 631 629 referuntur,
682 577 982 633 σωφροσύνης
1027 578 1150 620 notio
1201 577 1453 622 definienda

80 628 179 672 est?
235 629 353 676 Mihi
390 631 568 687 quidem
611 638 730 675 certe
768 633 801 675 ii
841 633 924 677 soli
976 634 1181 677 videntur
1220 634 1454 691 σώφρονες

80 686 319 744 esse,ssqui
346 687 510 731 bonum
541 695 586 731 et
613 688 847 733 honestum
877 691 948 734 vel
991 698 1130 749 agunt
1161 693 1229 735 vel
1258 693 1452 746 faciunt3

76 742 193 787 nihil
227 744 343 787 eni'm
380 745 597 803 impedio,
645 748 877 802 quominus
914 749 1083 791 utrovis
1123 749 1270 792 verbo·
1299 751 1452 793 utaris.

30 797 452 854 3 Cuivsententiae
481 802 666 858 Critias,
714 803 909 848 sentiens
948 806 1155 848 videlicet
1196 807 1326 849 inane
1357 821 1453 850 esse

26 903 37 907 ,Α
68 855 216 908 illud..
260 858 380 914 quod
409 865 644 917 posuerat,
684 862 918 905 verborum
959 862 1209 917 discrimen,
1241 870 1454 921 protenus

76 915 342 970 assentitur,
383 931 646 974 omnemque
697 919 997 977 σωφροσύνης
1042 920 1132 963 vim
1172 927 1216 963 et
1253 927 1455 964 naturam

29 1016 31 1019 ,
78 971 225 1016 inesse
263 973 361 1016 vult
401 974 446 1022 in
488 975 852 1031 actionibus,
895 991 1033 1032 quae
1072 977 1140 1020 ad
1169 977 1456 1022 bonumet

75 1028 226 1072 utile
255 1030 592 1075 referantur
622 1033 678 1088 *).
962 1061 968 1070 -

24 1094 29 1101 “
194 1085 270 1129 Ad
288 1086 400 1131 >haec
419 1087 648 1132 Socrates:
680 1089 906 1144 Fortasse,
927 1091 1084 1146 inquit,
1106 1098 1224 1134 recte
1244 1092 1453 1135 statuisti.

78 1141 200 1186 Illud
238 1150 384 1187 autem
413 1145 549 1188 miror
577 1162 867 1204 magnopere,
900 1148 1020 1203 quod
1049 1148 1291 1207 σώφρονας
1322 1159 1452 1206 putas

21 1203 34 1219 ”
76 1199 299 1247 interdum
333 1216 464 1259 posse
503 1203 708 1260 ignorare
746 1219 792 1246 se
833 1219 929 1247 esse
970 1204 1232 1265 σώφροναςς
1274 1221 1455 1250 conces-

75 1257 199 1302 sisti.
219 1258 334 1303 enim
371 1259 520 1316 paullo
551 1266 653 1303 ante
682 1260 792 1302 nihil
821 1261 1059 1318 impedire,
1092 1263 1327 1319 quominus
1359 1264 1454 1320 opi-

78 1314 187 1358 fices
224 1315 356 1358 etiam
384 1313 481 1360 aliis
512 1317 680 1373 aliquid
719 1318 932 1362 facientes
974 1321 1208 1379 σώφρονες
1238 1320 1454 1364 haberen-

16 1371 19 1377 '
77 1377 163 1415 tur.
222 1371 320 1416 Iam
347 1389 453 1419 vero
482 1373 666 1430 medici,
709 1375 881 1419 etiamsi
907 1391 1036 1432 quem
1065 1393 1221 1421 sanum
1250 1377 1455 1421 reddide-

77 1435 207 1486 runt,
249 1429 438 1487 ideoque
476 1431 640 1475 bonum
680 1431 892 1488 quiddam
923 1434 1355 1491 et‘utile*fecerunt,
1387 1441 1455 1478 ta-

26 1525 30 1528 .
75 1502 178 1531 men
224 1502 327 1534 non,
351 1494 540 1546 possunt
575 1489 860 1555 praevidere,
901 1491 1043 1546 qualis
1083 1492 1257 1536 futurus
1289 1494 1348 1536 sit
1379 1508 1455 1536 cu-

47 1565 51 1568 ·
77 1543 262 1601 rationis
300 1552 507 1598 eventus3
554 1547 796 1603 similisque
851 1547 1034 1591 aliorum
1085 1549 1296 1606 opificum
1345 1549 1456 1592 ratio

15 1604 21 1652 ἶ
74 1607 158 1653 >est.
217 1601 242 1646 1
273 1601 362 1646 itur
397 1602 460 1646 illi
487 1602 724 1647 inscientes
754 1610 859 1648 sunt
889 1605 1136 1664 σώφρονες.
1196 1606 1299 1661 Quo
1329 1606 1457 1650 intel-

16 1663 18 1707 }
74 1658 194 1703 lecto
266 1659 389 1704 ritias
418 1670 562 1703 mente
592 1666 760 1704 mutata
782 1667 917 1720 negat
937 1678 1204 1720 quenquam,
1238 1663 1457 1719 siquidem

15 1715 22 1758 ε’
78 1715 277 1775 σώφρων
314 1716 458 1769 videri
486 1717 615 1774 velit,
660 1719 844 1762 scientia
881 1735 1012 1776 posse
1043 1736 1219 1777 carere,
1265 1720 1455 1777 ideoque

22 1774 23 1778 ’
77 1774 414 1831 temperantiam
450 1775 523 1818 vel
562 1775 748 1819 maxime
774 1777 820 1819 in
851 1792 903 1819 eo
935 1778 1031 1820 vult
1060 1793 1156 1821 esse
1187 1784 1455 1833 contentam,

14 1839 21 1879 '3
73 1836 144 1885 ut>
169 1831 297 1888 quis
327 1832 419 1875 sui
446 1832 644 1891 ipsius
685 1833 893 1876 habeat
931 1835 1348 1892 cognitionem,
1395 1835 1458 1877 id

16 1908 19 1927 1
78 1893 194 1943 est,
237 1888 428 1933 s'ciens
472 1890 650 1932 utilia
685 1896 738 1932 et
775 1890 1022 1933 honesta
1060 1892 1250 1934 faciat.
1322 1891 1458 1946 Quod

74 1945 224 2003 ipsum
262 1945 322 1988 ait
361 1945 603 2003 significari
641 1947 774 1989 etiam
809 1947 885 1989 illa
940 1948 1092 2005 templi
1132 1948 1343 2005 Delphici
1379 1949 1458 2002 ,in-

23 2003 25 2006 ’
77 2003 335 2060 scriptione,
366 2018 454 2059 qua
483 2009 656 2046 nosmet
684 2003 804 2060 ipsos
833 2020 1018 2048 noscere
1048 2005 1276 2048 iubeamur
1306 2006 1388 2062 **).

21 2095 23 2107 2
193 2059 256 2103 Et
284 2058 397 2103 hanc
424 2059 604 2117 quidem
636 2061 896 2104 sententiam
927 2061 1160 2118 Socrates,
1193 2063 1269 2119 qui
1300 2061 1458 2105 callide

43 2162 50 2167 ,
78 2117 260 2162 simulat
288 2116 353 2160 rei
385 2116 703 2175 ignorantiam,
742 2119 991 2161 accuratius
1024 2126 1174 2163 censet
1201 2119 1456 2162 examinan-

11 2178 14 2183 ”
78 2173 180 2218 dam
211 2188 307 2218 esse
337 2179 471 2230 atque
501 2174 829 2231 explorandam.
889 2176 1047 2232 Itaque
1079 2176 1289 2234 deinceps
1322 2192 1457 2232 quae-

70 2230 205 2287 ritur,
239 2230 380 2297 qualis
416 2231 492 2274 illa
521 2231 706 2275 scientia
735 2233 794 2275 sit
832 2238 876 2275 et
907 2248 1118 2290 quorsum
1149 2249 1201 2276 ea
1229 2234 1457 2276 referatur.

79 2287 183 2345 Qua
212 2287 509 2346 disputatione
541 2287 702 2333 Critias
765 2289 1001 2332 edetentim
1044 2306 1096 2333 eo
1127 2289 1376 2345 deducitur,
1408 2296 1460 2333 ut

111 2351 304 2390 ostremo
346 2351 558 2403 appareat
601 2361 700 2388 eum
770 2347 868 2389 uius
913 2347 1124 2390 scientiae
1165 2347 1331 2390 nullam
1363 2347 1458 2391 fere

77 2363 241 2447 Eabere
272 2402 482 2449 notitiam,
504 2403 723 2460 planeque
756 2409 980 2459 expertem
1010 2420 1106 2447 esse
1137 2404 1230 2447 eius
1255 2403 1456 2459 rationis,

50 2500 59 2504 ,
92 2475 214 2515 ,Μ
273 2474 408 2516 supra
469 2459 642 2504 Socrati
695 2460 918 2517 propriam
978 2461 1115 2504 fuisse
1172 2460 1458 2504 ostendimus.

80 2475 277 2569 {autum
317 2516 449 2560 abest
480 2516 624 2572 enim,
663 2523 714 2559 ut
755 2517 983 2560 scientiam
1026 2533 1126 2561 cum
1157 2518 1320 2561 virtute
1352 2532 1458 2580 qon-

137 2743 186 2788 ⁴⁰)
213 2737 252 2778 P.
282 2744 430 2781 162.·A.
458 2762 500 2768 —
527 2738 613 2780 164.
637 2747 674 2778 A.

127 2813 188 2855 *ἢ
215 2813 254 2847 Ρ.
282 2813 357 2850 164.
384 2815 425 2847 A.
452 2832 497 2837 -—-
527 2812 600 2848 165.
628 2812 668 2846 Β.
1211 2847 1215 2851 ,

143 2880 233 2914 Pht.
259 2881 351 2925 Opp.
381 2880 456 2914 Vol.
486 2881 530 2915 V.
559 2881 599 2914 P.
628 2881 652 2913 1.
1119 2872 1145 2910 8
