1754 2964
360 238 439 279 116
750 227 1240 289 PROLEGQMENA
1272 227 1326 269 aa
1375 200 1388 202 l

359 348 414 389 ad
434 346 679 403 opinionem
698 345 895 398 refertur,
929 341 1007 384 sed
1037 341 1142 390 haec
1171 340 1316 383 omnia
1345 339 1709 398 habena-aliquid

360 404 443 446 sibi
484 402 753 455 subiectum,
798 400 915 456 quod
954 398 1007 440 ab
1046 398 1153 454 ipsis
1183 396 1402 439 diversum
1431 397 1502 441 sit.
1561 396 1709 450 Rebus

360 465 504 502 autem
530 458 593 500 ita
621 457 881 514 comparatis
912 455 987 511 qui
1015 454 1191 497 tandem
1220 453 1381 510 poterit
1408 452 1518 508 fieri,
1547 459 1599 499 ut
1626 455 1711 498 sci·-

360 515 476 559 entia
514 514 726 557 eiusmodi
755 513 1023 570 reperiatur,
1063 526 1173 566 quae
1213 510 1322 552 nihil
1351 509 1408 552 sit
1434 509 1618 554 nisisui
1644 512 1710 568 ip-

360 574 451 615 sius
483 577 809 627 ceterarumque
850 570 1099 622 ὲπιστημῶν
1145 566 1327 610 scientia
1356 566 1427 622 *ΥΞ
1494 566 1710 613 Nimirum

360 644 494 685 quum
533 627 671 670 omnis
709 626 890 669 scientia
931 624 986 666 ad
1026 623 1192 679 aliquid
1220 624 1452 678 referatur,
1497 622 1712 680 quidquid

360 687 503 728 autem
538 683 594 725 ad
633 683 798 739 aliquid
835 683 1041 735 refertur,
1083 680 1137 722 ab
1175 695 1226 722 eo
1257 680 1353 736 ipso
1385 679 1710 735 diversumrsit,

360 741 416 784 ad
457 739 574 795 quod
609 739 880 782 referendum
911 744 1001 791 est,
1034 737 1254 792 sequitur,
1285 742 1334 778 ut
1363 735 1545 790 scientia
1574 737 1629 780 ab
1659 751 1711 780 eo

361 797 533 840 diversa
562 796 630 850 sit,
663 796 718 837 ad
747 794 866 851 quod
893 794 990 850 ipsa
1016 794 1247 849 pertineat.
1305 791 1378 834 Ex
1398 808 1484 848 quo
1505 792 1711 850 colligere

359 854 463 895 lieet
500 868 587 894 non
616 867 712 894 esse
743 852 874 893 ullam
903 850 1153 904 seientiam,
1183 864 1295 904 quae
1324 848 1380 891 ad
1409 854 1546 895 semet
1571 849 1741 905 ipsam*

353 909 597 966 *pertineat3
647 907 730 950 nisi
766 908 877 949 forte
917 905 1260 947 demonstratum
1295 905 1427 948 fuerit
1464 920 1562 948 esse
1594 921 1712 948 ›non-

363 965 483 1007 nulla
512 965 574 1005 ita
603 969 877 1020 comparata,
907 968 957 1003 ut
985 961 1284 1004 tantummodo
1313 960 1370 1003 ad
1397 962 1495 1018 ipsa
1521 961 1713 1018 referan-

362 1028 432 1063 tur
469 1035 610 1075 neque
653 1026 874 1062 externam
913 1018 1104 1060 habeant
1143 1017 1534 1083 necessitudinem,
1573 1023 1618 1060 et
1656 1018 1712 1061 ad

359 1077 444 1119 hoc
482 1092 625 1118 rerum
665 1091 803 1133 genus
841 1076 970 1118 etiam
1019 1073 1346 1131 temperantiam
1382 1074 1533 1127 referri
1581 1090 1712 1131 opor-

360 1140 452 1176 tere
483 1133 563 1188 **).

475 1211 616 1254 Critia
653 1210 715 1252 ita
748 1210 794 1251 in
825 1209 993 1251 consilii
1032 1209 1222 1266 inopiam
1252 1209 1451 1252 coniecto
1490 1208 1694 1253 Socrates

361 1270 496 1312 missa
524 1266 730 1324 ampliore
761 1266 888 1307 huius
918 1265 981 1307 rei
1008 1265 1326 1322 disputatione,
1365 1266 1449 1308 iam
1477 1267 1624 1309 statim
1657 1243 1713 1308 ad

361 1326 540 1367 alteram
580 1323 875 1378 quaestionem
910 1322 1079 1364 accedit
1118 1321 1171 1364 de
1209 1322 1310 1366 talis
1349 1322 1554 1365 scientiae
1595 1323 1712 1365 utili·
1753 1342 1754 1361 ἢ

360 1388 463 1424 tate.
525 1380 783 1424 Sciscitatur
819 1378 980 1435 igitur,
1017 1378 1124 1434 quid
1152 1377 1329 1420 tandem
1358 1379 1438 1433 sit,
1481 1378 1600 1434 quod
1629 1394 1711 1436 ope

361 1436 592 1480 stiusmodi
631 1436 838 1477 scientiae
879 1435 1050 1491 plenius
1090 1445 1166 1476 aut
1195 1434 1368 1478 facilius
1404 1441 1710 1492 cognoscatur.

361 1494 599 1536 Enimvero
645 1507 777 1546 quum
807 1497 933 1533 antea
961 1492 1270 1547 temperantiae
1299 1497 1455 1533 natura
1478 1492 1523 1534 in
1553 1506 1606 1535 eo
1665 1508 1712 1535 o-

362 1551 446 1592 sita
496 1549 575 1602 sit,
617 1555 666 1590 ut
696 1548 792 1602 quis
820 1548 930 1590 sciat
960 1563 1026 1602 ea,
1059 1563 1170 1602 quae
1200 1547 1311 1590 sciat
1345 1548 1588 1602 nesciatve,
1629 1508 1712 1593 ἕο-

361 1613 501 1649 crates
546 1605 629 1648 hoc
658 1619 774 1646 nunc
804 1619 1010 1659 quaerere
1048 1603 1362 1646 existimandus
1393 1610 1480 1659 est,
1499 1605 1589 1660 qui
1617 1605 1712 1648 fieri

359 1662 521 1720 possit,
565 1667 615 1703 ut
644 1661 742 1716 quis
773 1676 855 1716 ope
887 1663 964 1711 τῆς
994 1659 1291 1716 σωφροσύνης
1320 1660 1432 1703 sciat
1460 1675 1572 1716 quae
1603 1662 1713 1704 sciat

361 1725 438 1761 aut
465 1718 646 1760 nesciat.
706 1716 964 1773 Respondet
993 1722 1134 1758 autem
1167 1716 1222 1758 ad
1247 1716 1355 1759 haec
1385 1715 1561 1772 Critias,
1592 1717 1711 1760 istud

363 1775 538 1831 quidem
566 1774 737 1815 facilem
767 1789 820 1815 ex
849 1773 947 1829 ipsa
975 1773 1039 1814 rei
1078 1779 1234 1815 natura
1271 1773 1603 1830 explicationem
1622 1774 1710 1817 'ha-

359 1832 477 1874 bere.
537 1829 626 1883 Qui
658 1830 770 1872 enim
799 1830 1023 1871 scientiam
1060 1829 1232 1883 habeat,
1265 1844 1377 1884 quae
1406 1835 1542 1872 semet
1569 1830 1711 1897 ipsam

361 1893 624 1944 cognoscat,
667 1901 764 1928 eum
794 1891 837 1927 et
864 1887 1005 1941 ipsum
1038 1886 1130 1928 fore
1159 1885 1312 1940 talem,
1344 1886 1470 1942 quale
1500 1887 1558 1929 sit
1585 1887 1708 1942 1llud,

362 1944 480 1999 quod
531 1943 702 1985 habeat.
771 1941 1146 1995 Quemadmodum
1183 1943 1319 1999 igitur
1348 1943 1401 1996 is,
1441 1942 1517 1998 qui
1553 1943 1711 1986 habeat

361 2000 659 2052 velocitatem,
691 1999 818 2040 velox
848 2000 918 2052 sit,
950 1999 1011 2040 ita
1041 2014 1159 2051 eum,
1193 1999 1266 2052 qui
1295 1998 1454 2040 habeat
1482 1999 1710 2042 scientiam

356 2062 496 2097 'semet
524 2056 663 2110 ipsam
692 2061 1041 2111 cognoscentem,
1075 2069 1121 2096 se
1150 2054 1291 2110 ipsum
1317 2053 1708 2112 cognoscere'***).

359 2111 422 2153 Et
448 2112 631 2166 largitur
659 2110 864 2153 Socrates
895 2125 1006 2164 eum,
1039 2111 1113 2165 qui
1141 2110 1209 2152 sui
1228 2110 1517 2167 cognitionem
1531 2111 1707 2167 habeat,

361 2167 491 2208 etiam
532 2172 670 2209 semet
707 2166 850 2222 ipsum
888 2181 1082 2208 noscere.
1140 2165 1256 2207 Illud
1297 2172 1443 2210 tamen
1468 2166 1621 2212 adhuc.
1642 2169 1709 2210 in-

361 2229 525 2265 certum
565 2228 696 2277 atque
735 2221 914 2264 dubium
958 2223 1212 2276 arbitratur,
1243 2238 1349 2265 num
1376 2223 1437 2277 is,
1477 2224 1552 2278 qui
1580 2224 1709 2268 istam

361 2279 429 2320 sui
458 2278 750 2335 cognitionem
781 2278 952 2332 habeat,
984 2279 1112 2320 etiam
1137 2279 1247 2321 sciat
1276 2278 1384 2325 illud
1403 2279 1559 2336 ipsum,
1590 2281 1708 2336 quod

361 2335 471 2377 scia-t
499 2343 575 2376 aut
604 2335 783 2376 nesciat.
843 2334 959 2376 Nam
990 2350 1117 2390 quam
1149 2341 1196 2377 tu
1227 2334 1461 2389 describis,
1493 2336 1648 2391 inquit,
1681 2337 1707 2380 o

361 2388 514 2444 Critia,
546 2391 613 2433 sui
642 2391 956 2447 cognitionem,
1002 2406 1052 2433 ea
1082 2391 1188 2433 nihil
1228 2391 1345 2432 aliud
1373 2392 1457 2434 nisi
1483 2393 1707 2436 scientiam

361 2447 415 2489 ab
457 2447 686 2489 inscientia
731 2452 877 2503 potest
929 2446 1220 2505 distinguere3
1268 2447 1347 2490 sed
1391 2447 1499 2490 illud
1546 2448 1704 2505 ipsum,

425 2645 463 2688 ³⁸¹)
492 2646 530 2678 P.
561 2645 632 2680 167.
658 2646 698 2678 B.
723 2665 765 2670 -
797 2645 869 2682 168.
895 2647 936 2678 B.

404 2708 455 2750 **)
480 2707 522 2739 P.
550 2707 624 2742 168.
649 2708 691 2740 B.
719 2727 762 2731 -
792 2707 865 2743 169.
892 2709 933 2739 B.

384 2770 456 2813 ***)
484 2770 604 2813 Usque
627 2771 671 2803 ad
694 2781 727 2812 p.
758 2769 832 2806 169.
859 2767 901 2803 E.
