1754 2964
306 174 319 183 ⁵
329 182 409 223 120
720 175 1209 221 PROLEGOMENA
1240 177 1296 218 ad

326 292 489 334 virtute
534 290 708 333 nitatur.
768 289 1043 344 Quamquam
1073 289 1361 345 philosophus
1393 287 1520 332 simul
1548 289 1678 331 etiam

327 346 446 389 aliud
476 345 583 401 quid
609 353 830 402 spectasse
857 345 995 389 videri
1023 352 1186 402 potest.
1246 344 1379 399 Quod
1408 342 1676 390 enimGhar-

327 402 466 445 mides
506 401 761 445 adolescens
802 403 864 444 ita
901 401 1176 459 depingitur,
1220 409 1269 444 ut
1307 403 1404 458 ipsa
1433 407 1589 445 natura
1613 407 1677 444 at-

330 474 414 514 que
457 458 632 501 fortuna
680 474 780 501 eum
828 459 1046 515 perfectae
1095 459 1406 516 temperantiae
1461 457 1678 513 exemplar

329 516 497 572 fingere
535 515 727 558 voluisse
758 514 978 569 videatur,
1018 514 1179 558 Critias
1210 522 1364 558 contra
1393 515 1456 558 sic
1487 513 1675 567 disserit,

329 577 379 614 ut
415 571 664 615 Socraticae
707 570 1000 628 σωφροσύνης
1038 573 1354 627 praestantiam
1392 586 1482 614 non
1510 569 1680 626 perspi-

330 629 442 681 ciat,
483 642 557 670 sus
592 628 697 670 icari
725 628 829 670 licet
858 627 1166 683 philosophum
1195 629 1322 670 simul
1351 627 1542 670 voluisse
1571 625 1681 668 alte-

330 699 426 726 rum
477 683 547 725 lau
582 699 604 726 e
645 684 738 726 eius
773 685 950 726 virtutis
990 685 1190 738 afficere,
1229 700 1316 740 qua
1358 699 1455 726 eum
1494 682 1682 724 maxime

329 740 545 796 insignem
586 740 721 782 fuisse
762 755 784 782 e
822 741 976 784 Xeno
993 741 1071 796 ph.
1111 741 1246 783 Mem.
1276 741 1371 794 III,
1404 742 1442 783 7.
1473 754 1530 795 ap
1565 744 1682 789 aret3

331 797 515 838 alterum
550 797 706 838 leniter
743 795 1002 850 admonere,
1044 804 1093 838 ut
1131 812 1185 839 ne
1217 797 1494 855 disciplinam
1558 809 1684 838 ocra·-

330 854 463 896 ticam
492 859 799 894 contemneret.
863 853 1026 895 Narrat
1056 853 1170 895 enim
1201 852 1458 909 Xenoph.
1486 852 1623 895 Mem.
1642 850 1682 905 I,

331 912 373 962 2,
410 909 462 950 12
492 934 548 941 -
583 910 647 950 16.
709 907 893 950 Critiam
930 915 1216 964 posteaquam
1257 925 1304 952 se
1344 905 1564 967 putauerit
1601 906 1686 951 So-

334 965 470 1007 cratis
500 965 792 1006 familiaritate
825 971 870 1007 et
898 965 1174 1007 institutione
1203 964 1409 1018 idoneam
1439 963 1687 1007 disserendi

332 1021 584 1063 facultatem
622 1020 833 1076 adeptum
872 1036 992 1075 esse,
1021 1022 1277 1078 magistrum
1309 1020 1557 1065 deseruisse
1590 1020 1687 1064 eius
1741 1075 1743 1077 ι

335 1077 591 1133 disciplinae
621 1077 927 1120 immemorem.
1512 1102 1516 1105 ·

448 1168 597 1221 Atque
639 1167 708 1210 his
745 1174 968 1223 utcunque
1007 1168 1234 1224 explicatis
1274 1167 1382 1210 nihil
1410 1167 1456 1210 in
1485 1172 1579 1211 toto
1603 1166 1687 1210 hoc

334 1224 445 1266 libro
476 1224 618 1266 inesse
649 1225 897 1280 apparebit,
941 1224 1058 1279 quod
1098 1223 1262 1269 fraudis
1305 1224 1488 1267 alicuius
1519 1223 1590 1267 vel
1621 1238 1687 1266 er-

334 1281 446 1324 roris
479 1280 774 1334 suspicionem
814 1287 995 1324 moveat.
1058 1280 1278 1334 Quocirca
1316 1296 1397 1323 nec
1436 1279 1688 1336 accedimus

334 1336 420 1379 Fr.
447 1337 613 1379 Astio
646 1336 716 1378 De
747 1337 852 1380 Vita
883 1343 926 1379 et
956 1337 1147 1392 Scriptis
1174 1337 1290 1380 Plat.
1321 1353 1364 1393 p.
1404 1338 1486 1380 419
1516 1351 1612 1392 sqq.
1645 1335 1687 1391 *)

337 1398 382 1435 et
406 1392 514 1435 Ios.
560 1391 703 1435 Soch
720 1408 810 1435 ero
862 1393 931 1435 De
981 1393 1094 1435 Plat.
1142 1392 1328 1450 Scriptis
1369 1409 1412 1450 p.
1460 1394 1544 1436 130
1575 1407 1688 1449 sqq„

338 1449 413 1503 qui
443 1464 542 1490 eum
582 1449 758 1491 Platoni
799 1449 1139 1492 abiudicandum
1169 1455 1446 1493 censuerunt.
1508 1448 1606 1492 Nec
1634 1449 1688 1491 iis

337 1511 618 1547 accesserunt
674 1506 747 1548 Io.
783 1504 1074 1548 Ochmann
1107 1505 1395 1549 Commentat.
1449 1505 1690 1550 Vratislav.

338 1562 461 1603 1827.
492 1563 531 1604 8.
563 1561 694 1616 edita,
726 1577 836 1617 quae
867 1563 929 1604 sic
963 1562 1172 1618 inscripta
1201 1569 1291 1605 cst:
1352 1560 1689 1605 Charmides
1734 1564 1737 1568 ’

335 1617 605 1660 Platonis
641 1619 731 1673 qui
772 1619 956 1661 fertur
1010 1618 1276 1675 dialogus
1316 1635 1438 1662 num
1475 1618 1549 1661 sit
1636 1633 1690 1660 e-

337 1674 548 1716 nuinus
580 1675 891 1730 quaeritur.
951 1674 1069 1717 Car.
1109 1675 1194 1719 Fr.
1235 1675 1531 1720 Hermann.
1572 1633 1689 1717 iffist.

337 1728 453 1771 Phil.
497 1730 611 1773 Plat.
649 1731 685 1772 I.
725 1747 768 1787 p.
810 1732 895 1773 442
940 1747 1035 1786 sqq.
1100 1730 1137 1773 C
1156 1747 1226 1773 ar.
1277 1731 1479 1775 Steinh
1493 1736 1591 1773 art.
1642 1730 1690 1772 in

337 1786 484 1829 Praef.
517 1786 574 1828 ad
605 1785 826 1829 Charmid.
867 1788 918 1832 Τ.
949 1788 985 1830 Ι.
1017 1787 1135 1844 Opp.
1164 1788 1337 1831 Platon.
1376 1788 1430 1831 ab
1460 1787 1689 1831 Hieron.

338 1842 586 1885 Miillero
627 1842 888 1885 Germanice
930 1859 1127 1886 convers.
1164 1861 1208 1901 p.
1239 1844 1321 1887 275
1358 1859 1454 1900 sqq.
1493 1843 1689 1886 Franc.

340 1897 639 1941 Susemihl.
674 1898 832 1942 Genet.
877 1900 1138 1943 Entwickel.
1184 1900 1261 1943 der
1301 1899 1415 1943 Plat.
1457 1899 1623 1942 Philos.
1652 1899 1689 1942 I.

339 1971 381 2011 p.
428 1955 480 1998 25
513 1971 619 2010 sqq„
680 1956 773 1998 Ed.
814 1957 1001 1998 Munk.
1051 1956 1137 1999 Die
1183 1957 1340 1999 natiirl.
1389 1955 1609 2013 Ordnung
1649 1954 1689 1998 d.

300 2061 302 2064 .
341 2011 456 2053 Plat.
497 2012 614 2053 Dial.
656 2027 700 2066 p.
742 2014 939 2068 Squq.
986 2013 1078 2053 alii:
1119 2014 1194 2068 qui
1233 2012 1410 2068 quidem
1448 2027 1599 2054 omnes
1626 2011 1691 2053 ‘de

339 2068 439 2109 libri
478 2074 733 2123 argumento
772 2074 815 2109 et
853 2069 1033 2110 consilio
1074 2069 1135 2110 ita
1164 2084 1304 2124 nuper
1344 2068 1690 2125 disputaverunt,

339 2130 390 2165 ut
420 2139 506 2164 non
535 2123 665 2165 modo
700 2123 753 2165 de
783 2139 949 2166 summa
967 2139 1010 2165 re
1040 2125 1129 2165 fere
1149 2125 1380 2167 nobiscum
1399 2123 1690 2179 consentiant,

341 2178 419 2222 sed
462 2179 590 2220 etiam
637 2195 725 2221 uno
767 2195 871 2221 exce
903 2186 948 2221 to
979 2180 1068 2221 Mu
1082 2180 1234 2235 nkio,
1281 2181 1356 2238 qui
1395 2192 1494 2223 eum
1524 2195 1563 2224 a.
1594 2181 1690 2223 388.

341 2196 1156 2333 ῗὲξῖξωῗέπῗέιῗι·ν“”ἰῖωὲθιιξῗΡῖἰῖθ
1187 2237 1372 2335 εῗρθῖἷῗῑε
1385 2236 1692 2335 Πὸῗῖἷαῗῖιοξηῗ

343 2321 609 2402 quaestionis
628 2307 825 2403 partibilis
847 2308 1078 2390 abqeorum
1098 2309 1287 2392 iudicilisg
1303 2350 1368 2391 uti
1400 2307 1461 2391 a}
1482 2316 1608 2394 nobis
1627 2348 1692 2390 di-

342 2402 607 2446 scedendum
625 2403 717 2445 fuit.
760 2402 963 2446 Ceterum
991 2403 1376 2449 Schleiermac
1433 2419 1554 2448 erus
1575 2404 1691 2447 hunc

413 2629 448 2670 ⁸¹)
480 2627 583 2666 Quae
609 2630 660 2661 vir
692 2630 913 2661 doctissimus
954 2630 1035 2662 ibid.
1070 2642 1102 2672 p.
1136 2630 1214 2666 423.
1248 2635 1281 2663 et
1312 2642 1344 2673 p.
1369 2630 1437 2665 427
1463 2641 1515 2672 sq.
1546 2631 1691 2671 protulit

482 2673 626 2706 νοθείας
643 2680 859 2715 argumenta,
884 2676 1058 2707 noluimus
1073 2678 1273 2717 singulatim
1291 2677 1463 2711 refellere:
1492 2680 1573 2708 sunt
1601 2677 1690 2708 enim

482 2719 609 2752 nullius
634 2720 706 2752 fere
730 2721 905 2752 momenti.
