1742 2970
518 231 1021 278 GRATYLUS.
1385 233 1442 276 11

204 351 503 394 Primitivorum
539 350 825 390 vocabulorum
865 349 1008 390 eadem
1036 350 1141 390 ratio
1177 351 1235 391 sit
1269 362 1443 392 necesse

91 414 191 466 est&
212 423 316 464 quae
344 409 639 456 derivatorum,
677 421 798 459 quum
828 410 872 447 et
898 409 1009 461 ipsa,
1049 407 1246 460 siquidem
1284 410 1446 450 uomina

89 467 232 509 futura
261 469 366 515 sint,
394 479 531 506 rerum
570 466 647 504 vim
680 469 723 504 et
751 469 932 505 naturam
965 467 1190 518 exprimant
1217 469 1261 505 et
1290 467 1445 519 siguifi-

88 530 196 570 cent.
271 525 549 567 Veruntamen
598 527 772 575 utraque
817 522 1011 563 differunt
1055 537 1130 572 eo,
1187 524 1292 575 quod
1342 537 1446 576 quae

87 582 250 624 aliunde
278 582 400 622 ducta
428 585 544 629 sunt,
574 592 654 632 ope
684 581 977 633 primitivorum
1006 594 1076 622 res
1103 581 1303 631 indicant,
1342 583 1445 622 sim-

88 641 211 696 plicia
247 643 384 681 autem
423 642 466 678 et
503 638 704 690 primitiva
744 638 824 678 alio
861 639 903 680 id
939 639 1060 679 modo
1100 638 1298 679 efficiunt.
1366 639 1445 689 Qui

84 699 250 752 quidem
281 695 530 750 significandi
557 695 701 736 modus
731 695 860 748 qualis
885 697 954 745 sit,
986 709 1035 738 ex
1062 696 1128 736 his
1157 697 1336 750 perspici
1363 709 1446 749 po-

86 756 201 799 terit.
263 754 309 794 Si
345 755 452 795 enim
486 754 620 807 lingna
658 758 703 793 et
737 766 838 793 voce
876 760 1064 795 carentes
1101 767 1168 796 res
1209 755 1325 794 nobis
1365 754 1445 793 cir-

86 813 295 854 cumdatas
332 811 529 853 vellemus
570 811 748 854 indicare
792 823 839 850 ac
888 812 1124 861 declarare,
1169 811 1276 852 haud
1323 811 1446 854 dubie

86 871 296 919 manibus,
331 871 491 922 capite,
529 869 701 921 aliisque
731 869 923 909 membris
954 871 1139 923 corporis
1171 883 1240 909 eas
1272 869 1447 909 demon-

30 959 35 963 «
88 933 337 977 stt-aremus,
383 927 504 966 sicuti
541 927 655 967 surdi
693 931 738 966 et
772 928 875 966 muti
912 926 1054 967 facere
1092 927 1240 968 solent.
1304 927 1448 979 ltaque

89 999 162 1036 ea,
196 999 300 1039 quae
328 997 488 1024 sursum
517 983 708 1025 feruutur
736 988 859 1037 atque
889 985 990 1024 levia
1028 989 1143 1034 sunt,
1181 983 1448 1037 significaturi

89 1057 230 1085 manus
259 1043 420 1083 coelum
449 1055 592 1082 versus
622 1042 886 1090 tolleremus3
916 1043 1111 1082 iuferiora
1131 1047 1266 1083 autem
1286 1046 1331 1086 et
1351 1054 1447 1095 gra-

89 1103 167 1152 via,
197 1114 266 1142 eas
292 1100 627 1148 demitteremus,
658 1103 701 1139 et
730 1112 833 1153 quae
864 1105 958 1140 sunt
985 1101 1026 1140 id
1057 1114 1183 1154 genus
1212 1100 1289 1140 alia
1318 1101 1448 1154 signa.

89 1161 174 1200 lam
202 1171 300 1199 iero
329 1158 468 1210 lingua
495 1162 539 1198 et
568 1170 640 1197 ore
667 1170 736 1196 res
767 1157 1042 1209 significantes
1081 1158 1176 1210 qnid
1206 1157 1315 1198 aliud
1341 1157 1447 1198 faci·-

89 1230 205 1267 mus,
249 1229 368 1270 quam
406 1228 476 1255 eas
526 1215 694 1268 quadam
737 1215 964 1255 imitatione
1011 1215 1326 1267 exprimimus!
1365 1214 1448 1255 Est

86 1275 215 1327 igitur
250 1285 398 1317 nomen
431 1273 727 1314 imitamentum
763 1285 900 1312 rerum
929 1285 1029 1313 voce
1060 1285 1323 1325 expressum,
1352 1279 1447 1325 quo

89 1345 227 1373 earum
256 1332 316 1370 vis
347 1335 390 1370 et
417 1336 560 1370 natura
589 1329 834 1370 declaretur.
898 1329 944 1373 P.
974 1330 1074 1373 421.
1105 1331 1151 1372 (3.
1180 1353 1239 1360 ——
1267 1330 1366 1374 424.
1395 1330 1446 1370 A.

203 1389 454 1442 Exprimitur
468 1391 602 1428 autem
632 1401 770 1429 rerum
796 1388 856 1427 vis
886 1392 930 1427 et
957 1392 1099 1428 natura
1127 1389 1293 1443 syllabis
1324 1393 1450 1440 atque

87 1446 298 1487 literarum
316 1446 543 1486 elementis.
584 1447 719 1496 Quare
741 1445 915 1498 primum
937 1445 988 1485 de
1016 1446 1081 1486 his
1102 1445 1204 1499 ipsis
1233 1445 1450 1486 dicendum

88 1505 181 1548 erit.
239 1503 298 1545 Et
318 1503 526 1544 literarum
547 1503 709 1556 quidem
725 1504 828 1543 aliae
855 1508 950 1544 sunt
976 1504 1153 1554 vocales,
1183 1505 1286 1546 aliae
1314 1507 1452 1545 mutae

42 1570 44 1576 ’
88 1573 306 1612 consonae,
325 1562 429 1601 aliae
448 1561 725 1604 semivocales.
755 1561 871 1601 Haec
888 1561 1096 1602 literarum
1109 1575 1261 1614 genera
1279 1575 1370 1604 cum
1383 1574 1451 1601 re-

88 1621 166 1661 bus
194 1620 296 1673 ipsis
325 1618 592 1672 comparanda
605 1622 712 1667 suut,
733 1618 1043 1671 videndumque,
1076 1620 1171 1672 quid
1201 1621 1241 1659 in
1270 1620 1336 1659 liis
1358 1631 1450 1659 cum

87 1677 169 1718 illis
189 1677 423 1718 concordet.
482 1677 544 1719 lta
562 1677 667 1716 enim
688 1677 881 1729 prudenti
901 1678 1098 1719 variarum
1115 1677 1325 1719 literarum
1341 1680 1453 1717 tem-

89 1739 326 1788 peramento
343 1734 537 1775 vocabula
555 1735 740 1774 orientur
767 1735 869 1787 ipsis
887 1736 1011 1775 rebus
1033 1748 1210 1788 congrua
1228 1740 1271 1774 et
1290 1747 1451 1775 accom-

91 1793 268 1842 modata,
292 1806 340 1832 ex
359 1793 504 1845 quibus
523 1791 669 1832 deinde
689 1797 957 1845 componetur
975 1794 1121 1842 oratio
1141 1806 1243 1845 quae
1266 1794 1320 1832 sit
1340 1792 1452 1832 velut

88 1853 251 1904 pictura
278 1849 474 1908 quaedam
494 1862 630 1891 rerum
651 1851 770 1889 uariis
787 1851 1007 1899 coloribus,
1039 1852 1105 1902 qui
1131 1864 1265 1890 earum
1283 1855 1454 1889 naturae

91 1908 345 1960 conveniant,
362 1912 567 1949 exornata.
597 1906 678 1945 lam
694 1908 775 1946 etsi
793 1908 963 1946 difficile
981 1912 1046 1947 est
1062 1908 1113 1947 de
1130 1909 1229 1960 ipsis
1247 1907 1454 1947 iocabulis

91 1977 334 2019 eorumque
331 1962 578 2006 formatione
598 1964 802 2013 iudicium,
825 1970 972 2014 tamen,
996 1966 1181 2017 quoniam
1201 1979 1287 2005 rem
1304 1967 1361 2006 ita
1383 1978 1453 2004 ex·-

91 2023 238 2076 plicari
265 2035 340 2076 par
369 2027 448 2072 est,
478 2022 655 2074 experiri
683 2022 804 2071 iuvat,
836 2023 930 2074 quid
961 2023 1147 2073 efficere,
1163 2027 1206 2063 et
1235 2025 1453 2076 profligare

92 2081 310 2134 possimus.
368 2079 471 2120 Nam
499 2081 568 2131 qui
596 2079 735 2119 dicunt
758 2082 930 2127 nomina,
960 2082 1051 2133 qnia
1074 2081 1140 2120 vel
1168 2095 1190 2120 a
1219 2082 1295 2120 diis
1326 2082 1450 2120 rebus

93 2139 286 2191 imposita
312 2138 378 2178 vel
416 2151 441 2177 a
466 2138 651 2178 barbaris
680 2143 860 2193 accepta*
879 2138 944 2179 vel
971 2143 1177 2179 vetustate
1217 2153 1289 2178 sua
1329 2140 1452 2178 obso-

93 2197 179 2237 leta
217 2197 325 2244 siut,
364 2208 446 2236 non
481 2207 607 2247 posse
646 2195 858 2235 commode
897 2197 1114 2248 explicari,
1153 2198 1179 2236 ii
1219 2210 1297 2236 non
1327 2210 1453 2249 repu-

94 2257 204 2302 tant,
251 2253 440 2306 ueglecta
489 2253 784 2306 primitivorum
831 2255 1048 2294 verborum
1097 2255 1454 2307 interpretatione,

94 2325 147 2352 ne
175 2310 356 2351 derivata
383 2310 544 2363 quidem
573 2314 691 2351 recte
720 2311 913 2363 explicari
940 2325 1074 2364 posse.
1133 2313 1334 2363 Quocirca
1362 2313 1454 2365 quiv-

94 2381 254 2421 cunque
282 2368 426 2409 harum
453 2381 592 2411 rerum
626 2369 783 2420 peritus
811 2369 940 2409 wideri
967 2373 1094 2423 cupit,
1123 2371 1158 2410 is
1188 2371 1253 2410 iel
1282 2372 1455 2411 maxime

96 2427 300 2495 primitiva
332 2425 525 2466 uocabula
554 2420 678 2466 debet
705 2426 941 2479 respicere,
979 2429 1055 2468 nisi
1095 2433 1254 2467 temere
1283 2429 1455 2468 halluci-

96 2485 183 2525 nari
210 2484 337 2526 malit.
395 2483 550 2534 Quibus
578 2484 712 2524 verbis
740 2484 849 2524 haud
878 2484 999 2525 dubie
1020 2491 1210 2526 notantur
1227 2487 1455 2539 sophistae,

98 2542 167 2595 qui
195 2541 398 2595 neglectis
426 2541 588 2595 linguae
623 2541 839 2582 elementis
869 2541 1097 2584 derivator-n
1086 2557 1140 2584 'm
1181 2549 1224 2583 et
1252 2548 1456 2597 composi·

97 2605 236 2640 torum
263 2599 478 2640 verborum
508 2598 817 2650 originationem
846 2603 1005 2641 temere
1047 2603 1095 2641 ad
1137 2614 1254 2641 suum
1293 2604 1458 2644 arbitri-

99 2669 168 2697 um
205 2657 450 2697 tractabant.
525 2657 669 2708 ltaque
707 2661 805 2696 ante
843 2659 975 2699 omnia
1012 2659 1251 2700 declaranda
1290 2664 1355 2699 est
1395 2663 1455 2702 vis

101 2714 346 2767 singularum
375 2714 608 2762 literarum,
646 2713 699 2752 de
737 2728 814 2767 qua
842 2728 889 2754 re
917 2716 1141 2770 disputanti
1170 2717 1269 2756 mihi
1298 2718 1333 2756 si
1363 2718 1459 2769 quid

101 2771 261 2811 ridiculi
289 2772 514 2822 exciderit,
554 2771 642 2811 eius
675 2772 738 2813 rei
773 2773 889 2812 venia
916 2781 1091 2828 propter
1120 2775 1346 2827 argumenti
1376 2776 1457 2818 ‹lit-

104 2829 328 2872 ficultatem
356 2829 481 2872 facile
508 2827 771 2873 concedetur.
819 2830 874 2873 P.
902 2831 1001 2878 424.
1031 2834 1080 2876 A.
1111 2856 1167 2872 r—
1196 2831 1294 2876 426.
1324 2832 1373 2874 B.
