1742 2970
333 206 414 246 214
724 201 1208 246 PROLEGOMENA
1242 203 1296 245 ad

332 315 520 358 Accedit
550 315 605 356 ad
637 315 757 370 haec,
791 315 909 371 quod
930 315 1028 358 libri
1058 317 1236 358 materia
1255 318 1419 373 pariter
1437 322 1567 373 atque
1597 318 1685 360 for-

333 388 402 413 ma
441 372 672 414 iuvenilem
710 372 849 427 ipsius
890 372 1099 429 originem
1130 373 1235 415 satis
1276 373 1684 432 evidenterurgnit,

334 427 688 483 quandoquidem
729 429 872 470 omnia
910 430 1102 471 referunt
1141 429 1415 486 disciplinam
1456 443 1572 473 mere
1603 429 1686 474 So-

334 485 555 538 craticam⁷
586 490 634 526 ut
663 499 743 526 nec
762 484 906 536 desint
936 500 1047 540 quae
1077 486 1441 529 necessitudinem
1471 485 1688 542 quandam

335 557 434 583 cum
467 541 561 583 aliis
591 541 763 597 scriptis
782 539 982 588 Platonis
1002 542 1268 593 juvenilibus
1303 542 1504 599 prodant.
1533 543 1688 598 Itaque

337 597 548 653 suspicari
588 612 691 639 sane
731 598 834 640 licet
874 613 1114 640 sermonem
1152 600 1440 654 compositum
1478 613 1573 650 esse
1632 613 1688 640 uo

335 661 531 709 tempore
561 654 741 696 nuntius
782 654 835 696 de
865 661 1001 696 morte
1032 654 1273 697 Alcibiadis
1305 671 1392 698 non
1423 656 1485 697 ita
1514 654 1591 711 qui
1623 670 1691 697 em

336 710 536 753 Athenas
566 711 758 767 perlatus
790 717 895 752 erat.
955 711 1069 753 Tum
1100 712 1212 752 enim
1235 712 1591 754 verisimillimum
1626 718 1693 754 est

339 766 392 808 de
421 767 536 809 illius
566 766 723 808 studiis
748 773 791 808 et
814 767 1006 810 consiliis
1024 767 1156 824 vulgo
1185 767 1419 810 admodum
1440 770 1558 810 varie
1578 767 1692 810 iudi-

339 829 485 865 catum
516 838 611 865 esse
652 823 849 878 adeoque
880 824 1202 866 criminationes
1247 839 1394 867 eorum
1432 824 1693 866 insolentius

340 879 524 934 gliscere
555 880 765 935 coepisse,
800 880 875 934 qui
906 880 1048 935 ipsum
1068 880 1359 923 familiaritate
1390 895 1440 923 ac
1462 880 1692 938 disciplina

341 935 535 978 Socratis
567 941 820 991 corruptum
851 950 945 978 esse
965 935 1229 978 dictitarent.
1288 936 1377 979 Eas
1407 937 1531 979 enim¹
1552 937 1693 980 crimi-

341 992 539 1033 nationes
580 992 665 1033 iam
707 991 872 1034 diutius
915 1008 940 1034 a
970 991 1250 1035 clandestinis
1280 993 1363 1035 viri
1392 991 1698 1050 sapientissimi

341 1048 599 1090 adversariis
651 1048 786 1091 tuisse
837 1049 1056 1091 iactitatas
1104 1064 1156 1090 ex
1219 1049 1437 1106 Apologia
1491 1049 1696 1094 'Socratis

340 1104 573 1147 Platonica
601 1105 836 1147 clarissime
867 1105 1142 1161 perspicitur.
1202 1105 1422 1159 Quocirca
1463 1106 1590 1149 Plato
1621 1107 1696 1148 illo

342 1169 537 1217 tempore
586 1161 669 1203 sibi
698 1160 943 1203 faciendum
970 1162 1156 1217 putavit,
1188 1168 1252 1216 ut,
1286 1161 1388 1204 dum
1419 1162 1644 1205 scientiam
1676 1178 1698 1205 e

341 1217 618 1274 philosophia
649 1217 821 1259 ductam
853 1226 983 1273 atque
1013 1219 1080 1261 sui
1108 1219 1402 1274 cognitionem
1431 1217 1487 1261 ad
1518 1234 1589 1261 res
1617 1235 1699 1283 pu-

342 1274 479 1317 blicas
528 1273 767 1330 prudenter
823 1274 1128 1331 gubernandas
1179 1275 1363 1317 maxime
1411 1289 1701 1335 necessariam

345 1346 440 1373 esse
471 1329 734 1384 ostenderet,
767 1331 967 1373 omnibus
998 1331 1125 1373 simul
1163 1331 1307 1387 palam
1336 1332 1522 1386 faceret,
1559 1332 1700 1387 qualis

345 1387 502 1430 fuisset
539 1386 733 1430 Socratis
774 1387 820 1429 in
849 1387 1081 1430 Alcibiade
1120 1387 1388 1430 instituendo
1429 1393 1560 1444 atque
1603 1404 1699 1431 eru-

347 1443 507 1486 diendo
552 1459 684 1500 opera
725 1450 768 1486 et
797 1444 949 1499 quanti
981 1445 1155 1486 omnino
1187 1444 1280 1486 eius
1309 1444 1541 1502 disciplina
1569 1445 1699 1487 etiam

347 1501 391 1542 in
449 1500 605 1543 studiis
674 1500 876 1543 civilibus
936 1501 1159 1556 sapienter
1218 1500 1509 1543 ‹rubernandis
1570 1501 1702 1544 aesti-

347 1557 456 1598 mari
488 1556 679 1599 deberet.
742 1556 874 1610 Quod
919 1555 1093 1612 quidem
1124 1536 1460 1614 prudentissime
1489 1558 1551 1600 ita
1578 1558 1699 1612 fecit,

349 1620 398 1655 ut
437 1612 627 1655 invidiae
668 1614 845 1655 crimine
886 1629 910 1655 a
950 1614 1158 1671 magistro
1201 1613 1385 1670 depulso
1410 1614 1530 1671 ipsos
1561 1614 1701 1663 Athe-

351 1671 526 1712 nienses
578 1670 726 1726 potius
783 1670 1096 1726 significaverit
1144 1671 1346 1713 inanibus
1403 1669 1560 1713 studiis
1611 1670 1700 1713 suis

349 1726 586 1782 pravisque
627 1725 943 1782 cupiditatibus
984 1726 1028 1768 id
1061 1725 1280 1780 effecisse,
1320 1733 1369 1769 ut
1407 1726 1538 1769 homo
1575 1741 1701 1784 prae-

323 1802 326 1804 >
351 1782 628 1824 stantissimis
658 1789 838 1825 naturae
870 1782 1045 1825 dotibus
1076 1783 1338 1838 instructus,
1381 1782 1461 1826 sed
1489 1783 1595 1825 item
1624 1784 1702 1825 im·
1732 1792 1734 1794 ’

351 1839 573 1882 moderate
627 1839 907 1893 ambitiosus,
959 1846 1178 1882 contemta
1227 1841 1335 1882 recti
1382 1839 1567 1896 ‘verique
1615 1839 1703 1882 dis-

352 1896 527 1952 ciplina,
572 1901 846 1939 transversus
878 1903 1092 1953 ageretur.
1154 1896 1287 1950 Quod
1317 1896 1431 1939 enim
1461 1910 1599 1952 nuper
1628 1911 1703 1938 ex-

351 1954 533 1994 titerunt
573 1953 647 2007 qui
685 1953 798 1994 hunc
829 1953 1048 2010 dialogum
1086 1953 1260 1996 omnino
1292 1959 1505 2009 negarent
1533 1952 1589 1994 ad
1623 1951 1704 1996 So-

353 2009 483 2051 cratis
527 2008 823 2051 defensionem
864 2016 1161 2065 comparatum
1199 2024 1306 2063 esse,
1337 2009 1391 2052 de
1437 2024 1488 2051 eo
1530 2008 1704 2064 quidem

353 2080 432 2107 nos
475 2071 621 2121 aperte
667 2066 852 2107 fatemur
892 2067 1018 2108 etiam
1061 2081 1177 2107 nunc
1205 2066 1531 2110 multosssentire
1560 2065 1703 2119 aliter,

354 2121 705 2176 quandoquidem
736 2123 805 2163 vel
835 2123 1006 2163 initium
1045 2123 1137 2164 eius
1169 2127 1299 2177 atque
1330 2122 1471 2164 exitus
1501 2121 1586 2163 alia
1615 2137 1705 2164 om-

355 2178 427 2219 nia
459 2176 641 2220 suadere
673 2177 886 2219 videntur.
958 2179 1103 2232 Atque
1145 2179 1252 2220 haec
1291 2178 1327 2220 si
1365 2177 1651 2235 probabiliter
1681 2195 1706 2221 a

354 2234 479 2276 nobis
511 2239 614 2275 sunt
643 2233 878 2289 disputata,
912 2249 1180 2289 consequens
1201 2241 1279 2289 est,
1309 2235 1467 2277 librum
1497 2235 1707 2291 scriptum

355 2305 450 2333 esse
484 2290 635 2344 quinto
664 2290 753 2332 fere
785 2306 897 2332 anno
928 2298 1026 2333 ante
1057 2290 1253 2334 Socratis
1285 2291 1463 2346 obitum,
1495 2306 1580 2346 quo
1598 2296 1705 2334 tem-

354 2362 462 2403 pore
512 2347 639 2388 Plato
684 2362 843 2389 annum
893 2348 1047 2390 aetatis
1088 2348 1347 2405 vigesimum
1393 2353 1594 2403 quartum
1637 2347 1707 2389 vel

356 2404 555 2458 quintum
595 2403 698 2459 egit.
770 2402 903 2457 Quod
932 2405 1007 2447 ubi
1036 2410 1249 2458 tenemus⁷
1280 2404 1382 2446 hinc
1415 2419 1588 2459 quoque
1619 2419 1707 2447 non

359 2475 502 2515 pauca
542 2475 704 2513 eorum,
785 2476 866 2503 uae
905 2461 949 2503 in
999 2477 1050 2503 eo
1098 2460 1302 2503 videntur
1339 2460 1596 2518 singularia,
1636 2460 1706 2502 vel

355 2517 679 2559 excusationem
710 2476 783 2558 vel
810 2517 1107 2560 defensionem
1146 2525 1339 2574 paratam
1382 2515 1581 2562 habitura
1611 2531 1706 2560 esse

358 2573 666 2615 existimamus.

470 2630 635 2672 Verum
668 2630 773 2671 satis
813 2631 919 2672 haec
940 2630 1012 2679 *de*
1053 2631 1149 2673 libri
1191 2635 1467 2688 argumentO.,
1509 2629 1704 2684 consilio,

357 2694 449 2728 arte
494 2692 536 2728 et
566 2686 892 2741 compositione.
953 2686 1124 2740 Quibus
1155 2687 1363 2745 expositis
1392 2687 1584 2728 futurum
1613 2701 1707 2729 esse

358 2758 584 2799 speramus
625 2748 674 2785 ut
717 2742 822 2798 quid
863 2743 915 2787 de
947 2744 1039 2786 eius
1080 2744 1165 2787 fide
1197 2755 1239 2786 et
1268 2742 1527 2786 auctoritate
1559 2742 1706 2786 existi—
