1742 2970
355 214 437 257 25ss
826 212 1208 258 PLATONIS

454 331 563 374 AA.
635 329 696 375 Τι’
733 328 818 388 γὰρ
864 329 1038 383 κωλύει,
1084 323 1116 374 ὦ
1162 329 1424 388 Σώκρατες,
1469 327 1608 387 alumi
1653 346 1706 386 με

354 389 412 440 αὖ
447 394 600 452 ὲρήσει,
635 397 743 455 παρ’
785 395 892 442 ὅτου
927 400 1108 454 ἔμαθον
1141 393 1169 450 ἢ
1204 394 1326 448 ὅπως
1357 392 1496 448 αὐτὸς
1526 389 1671 454 εὗρον.

457 462 564 507 ΣΩ.
636 463 745 510 Οἶον
779 467 913 508 τοῦτο
948 463 1114 515 ποιεῖς]
1149 465 1189 507 εἴ
1218 480 1259 506 τι
1290 459 1352 518 μὴ
1381 461 1707 520 ὀρθῶς-λέγεις,

357 527 564 586 τυγχάνει
598 531 644 574 δὲ
680 527 961 575 δυνατὸνόν
996 529 1227 583 ἀποδεῖξαι
1261 528 1316 573 δι’
1372 523 1510 587 οὗπερ
1544 534 1618 574 καὶ
1653 526 1705 573 τὸ

356 595 573 653 πρότερον
616 595 772 653 λόγου,
830 597 911 642 οἴει
955 595 1008 650 δὴ
1055 594 1188 641 καινὰ
1232 592 1349 639 ἅττα
1393 598 1490 644 δεῖν
1528 592 1709 640 ἀκούειν

355 661 603 715 ἀποδείξεις
636 680 681 707 τε
719 668 889 722 ἑτέρας,
937 662 996 714 ὡς
1038 665 1128 706 τῶν
1161 667 1388 720 προτέρων
1422 661 1523 707 οἷον
1557 677 1711 705 σκευα-

355 732 460 786 ρίων
491 737 912 788 κατατετριμμένων,
946 732 1021 773 καὶ
1057 728 1198 773 οὐκέτ’
1240 725 1302 772 ἂν
1335 726 1388 772 σὺ
1423 725 1539 772 αὐτὰ
1573 727 1712 785 ἀμπί-

355 812 503 851 σχοιο,
554 800 589 839 εὶ
623 794 684 852 μή
717 802 783 848 τίς
817 813 885 842 σοι
919 795 1153 853 τεκμήριον
1186 793 1401 851 καθαρὸν
1435 797 1510 839 καὶ
1545 791 1711 853 ἄχραν-

248 867 327 909 114
359 878 439 905 τον
482 861 604 907 οἴσει.
647 861 727 918 ἐγὼ
775 866 820 907 δὲ
851 866 1021 922 χαίρειν
1054 862 1188 913 ἐάσας
1223 859 1304 913 τὰς
1337 859 1420 913 σὰς
1453 858 1712 921 προδρομὰς

453 989 664 1034 τυγχάνει
695 992 735 1025 δὲ
767 991 958 1025 δυνατὸν
991 992 1059 1036 ὄν]
1092 990 1133 1025 ὃν
1165 1001 1185 1024 e
1223 990 1324 1024 Bodl.
1353 990 1449 1024 Flor.
1485 990 1708 1024 drancessit.

357 1037 438 1070 Vat.
465 1037 548 1070 Ven.
573 1035 622 1071 Π.
648 1036 700 1070 δἐι.
750 1038 895 1071 Poterat
917 1042 1033 1071 tamen
1058 1035 1100 1070 ὃν
1127 1037 1256 1077 omitti,
1290 1036 1334 1070 de
1357 1046 1425 1079 qua
1451 1037 1585 1071 ratione
1607 1047 1640 1069 v.
1666 1035 1709 1069 ad

354 1083 484 1126 Remp.
510 1094 543 1126 p.
567 1081 644 1117 369.
676 1083 714 1116 Β.
741 1087 777 1116 et
800 1084 887 1117 iufra
914 1083 958 1118 ad
983 1094 1016 1126 p.
1045 1083 1121 1118 129.
1145 1083 1186 1115 A.
1212 1085 1248 1116 et
1280 1081 1383 1115 deest
1411 1081 1503 1125 apud
1533 1080 1709 1115 Proetum.

357 1129 445 1162 Dein
470 1130 574 1170 vulgo
599 1127 663 1161 τὸν
687 1127 858 1174 πρότερον
881 1128 1003 1171 λόγον,
1029 1128 1122 1171 quod
1147 1129 1242 1162 solus
1267 1127 1357 1161 Ven.
1384 1126 1422 1161 Ξ.
1448 1130 1578 1162 tuetur.

451 1174 491 1207 P.
519 1174 594 1208 114.
641 1173 788 1208 πόθεν

820 1173 1001 1218 μαθών]
1034 1175 1092 1207 Sic
1127 1173 1226 1207 Bodl.
1261 1173 1338 1207 Vat.
1372 1173 1455 1207 Ven.
1479 1173 1530 1206 Π.
1564 1173 1642 1207 Par.
1665 1172 1709 1206 U.

356 1219 452 1253 Mon.
485 1220 602 1253 Procl.
638 1229 701 1262 pro
732 1220 825 1263 vulg.
855 1218 1005 1254 ὁπόθεν.
1055 1219 1141 1253 Dein
1172 1218 1274 1252 Bodl.
1303 1218 1381 1252 Vat.
1414 1217 1500 1253 Ven.
1528 1216 1579 1251 Π.
1613 1218 1708 1252 Mon.

404 1326 515 1363 Οἴον
543 1333 683 1363 τοῦτο
714 1330 899 1374 ποιεῖςξ]
933 1331 999 1364 Est

357 1375 503 1409 formula
528 1376 731 1417 mirantum,
758 1375 802 1409 de
826 1386 893 1417 qua
923 1377 1000 1410 vide

357 1431 434 1454 ann.
477 1421 519 1454 ad
559 1421 734 1456 Charmid.
775 1432 808 1464 p.
845 1421 918 1458 166.
959 1422 997 1457 C.

358 1467 507 1500 Miratur
543 1471 659 1500 autem
692 1465 876 1508 Socrates,
906 1467 1000 1510 quod

357 1511 579 1554 adolescens,
625 1522 668 1546 ne
712 1513 845 1546 scilicet
887 1513 1001 1547 denuo

356 1557 538 1597 refutetur,
560 1568 635 1591 eam
654 1558 1000 1601 argumentationem,

357 1613 424 1645 qua
456 1603 562 1636 modo
591 1612 676 1636 usus
708 1607 801 1644 erat,
836 1604 1002 1646 depreca-

359 1653 426 1680 tur.
476 1647 529 1680 Ad
555 1646 740 1684 ἀποδεῖξαι
764 1650 869 1691 liquet
889 1649 1002 1683 denuo

357 1693 619 1735 intelligendum
645 1705 722 1727 esse
748 1696 783 1727 σὲ
805 1693 853 1737 μὴ
882 1693 1002 1737 ὅρθῶς

357 1738 478 1781 λέγειν.
541 1738 594 1771 lta
631 1739 753 1781 igitur,
802 1739 865 1772 nisi
908 1742 999 1774 male

294 1785 297 1787 ’
357 1784 507 1826 argutari
544 1784 714 1826 volueris,
751 1785 785 1817 in
826 1788 903 1817 toto
934 1785 1000 1818 hoc

356 1830 436 1862 loco
466 1829 544 1862 nihil
579 1829 692 1863 inesse
723 1831 872 1871 senties,
905 1830 1000 1872 quod

356 1874 443 1907 recti
479 1875 684 1917 venustique
722 1876 838 1910 sensui
874 1875 1001 1909 adver-

358 1923 464 1953 setur.

402 1960 499 1997 οἴον
531 1966 777 2010 σκευαρίων
814 1965 996 2009 κατατ.]

358 2009 479 2045 Schol.
503 2009 583 2042 οὐδὲ
609 2009 674 2054 γὰρ
700 2012 790 2053 δέος,
816 2011 863 2054 μὴ
890 2011 997 2045 κατα-

357 2055 581 2098 τριβήσονται
610 2057 645 2087 οἱ
674 2055 776 2098 λόγοι
807 2058 903 2100 δίκην
928 2061 996 2090 τῶν

357 2102 562 2144 σκευαρίων,
595 2098 617 2132 δι’
650 2100 692 2142 δὴ
719 2104 876 2145 σημαίνει
902 2104 995 2146 τρία,

355 2143 379 2186 ἢ
396 2143 444 2199 ,τὰ
469 2144 578 2201 ρκεόη
602 2149 742 2186 κοινῶς,
777 2146 798 2187 ἢ
823 2147 887 2188 τὴν
911 2151 996 2191 τρυ-

356 2202 438 2233 φην,
465 2204 482 2230 η
510 2203 554 2228 ως
577 2194 655 2231 νῦν,
693 2191 754 2229 τὰς
784 2190 906 2229 σκευὰς
931 2195 995 2224 τῶν

354 2238 507 2278 κωμικῶν
547 2235 603 2267 καὶ
643 2240 828 2279 τραγικῶν,
869 2234 894 2267 δ’
923 2237 996 2270 ἐστι

355 2279 397 2312 τὰ
416 2279 602 2324 ἐνδύματα.
637 2281 808 2315 Nimirum
833 2280 876 2313 τοὶ
895 2281 996 2324 σκεύη

357 2330 393 2359 et
417 2325 460 2357 τὰ
487 2325 649 2370 σκευάρια
674 2328 707 2359 in
723 2328 919 2360 universum
945 2327 997 2360 di-

360 2375 484 2404 cuntur
528 2373 682 2414 supellex
711 2373 822 2405 omnis
859 2373 996 2415 generis

354 2416 501 2458 ideoque
535 2418 640 2450 etiam
678 2418 894 2453 vestimenta.
941 2419 997 2451 Ita

355 2461 583 2504 Aristoph.
618 2462 706 2497 Ran.
736 2464 810 2497 172.
834 2462 997 2508 σκευάρια

357 2509 437 2540 sunt
463 2508 648 2548 stragulae.
704 2508 851 2542 Manena
881 2513 996 2542 autem

355 2551 389 2584 in
412 2551 614 2594 metaphora
639 2552 764 2586 deinde
787 2554 850 2597 ipsi
873 2566 998 2599 τεκμη·

356 2598 419 2640 ρίῳ
442 2597 562 2630 tribuit
585 2607 677 2639 quae
711 2600 853 2642 proprie
878 2601 911 2633 iu
937 2609 999 2633 ve-

357 2642 518 2675 stimenta
535 2643 750 2676 conveniunt.
799 2645 910 2678 Mixta
932 2644 998 2688 igi-

356 2691 412 2720 tur
442 2686 497 2720 hic
532 2696 668 2730 quoque
708 2693 762 2722 est
792 2691 933 2733 propria
963 2693 999 2723 et

355 2732 543 2775 impropria
574 2734 702 2776 oratio,
749 2734 793 2767 de
827 2746 895 2777 quo
932 2745 998 2768 usu

357 2781 514 2845 zeterum
540 2778 748 2822 scriptorum
771 2780 815 2813 ad
835 2781 998 2823 Sympos.

362 2843 371 2858 ι

1066 1342 1100 1374 p.
1133 1329 1210 1366 121.
1233 1330 1275 1365 Ε.
1300 1334 1337 1363 et
1360 1329 1500 1365 Menex.
1518 1327 1653 1372 p.246.
1668 1329 1709 1363 B.

1067 1375 1196 1417 aliquid
1229 1375 1447 1416 monuimus,
1484 1383 1550 1407 nec
1582 1384 1710 1408 neces-

1069 1421 1193 1454 sarium
1220 1424 1293 1462 est,
1325 1424 1366 1453 ut
1398 1430 1476 1453 curn
1512 1420 1638 1453 Astio
1672 1423 1708 1454 et

1069 1466 1339 1500 Buttmauno
1389 1461 1577 1509 τεκμήριον
1633 1469 1708 1499 tau-

1068 1522 1169 1555 quam
1206 1513 1388 1546 molestum
1432 1512 1605 1554 glossema
1626 1510 1713 1546 ,de-

1068 1559 1213 1592 leamus.
1266 1556 1446 1590 Ficinus
1485 1565 1549 1590 our
1586 1565 1708 1590 vocem

1069 1613 1137 1636 non
1159 1603 1382 1646 expresserit,
1399 1611 1506 1635 causa
1521 1601 1554 1635 in
1569 1605 1709 1644 promtu

1069 1653 1133 1683 est.
1182 1648 1260 1682 Non
1285 1648 1373 1682 enim
1397 1648 1512 1690 potnit
1534 1646 1706 1689 interpres

1068 1694 1195 1727 Graeci
1215 1693 1383 1729 sermonis
1397 1693 1592 1727 libertatem
1610 1702 1709 1726 com-

1069 1738 1173 1772 mode
1196 1738 1360 1771 imitando
1379 1738 1554 1780 effingere.
1601 1737 1709 1772 Oete-

1069 1794 1143 1817 rum
1172 1783 1301 1816 verbis:
1335 1783 1365 1816 εἰ
1395 1778 1446 1826 μή
1474 1794 1528 1819 τις
1551 1801 1596 1807 -
1622 1784 1709 1815 οἴσει

1070 1833 1271 1872 repetuntur
1299 1829 1366 1862 alio
1406 1827 1512 1861 modo
1550 1828 1708 1871 superio-

1069 1884 1129 1910 ra:
1160 1875 1223 1906 oia
1253 1872 1294 1915 δὴ
1329 1873 1427 1906 καινὰ
1451 1871 1543 1906 ἅττα
1565 1891 1610 1897 —-
1636 1873 1709 1906 ἑτέ-

1071 1931 1152 1964 ρας;
1182 1928 1253 1962 quo
1284 1928 1351 1952 non
1383 1917 1622 1959 animadverso
1646 1927 1707 1951 uu-

1071 1975 1134 2008 per
1163 1964 1228 1997 fuit
1257 1964 1316 2006 qui
1345 1963 1400 1997 hic
1434 1962 1608 2007 glossema
1644 1963 1708 1997 sibi

1065 2009 1336 2054 deprehendisse
1357 2007 1545 2045 videretur.

1110 2078 1152 2112 P.
1180 2076 1255 2113 114.
1302 2075 1383 2114 τὰς
1413 2075 1486 2114 σὰς
1517 2076 1707 2120 προδρο-

1061 2122 1164 2166 μὰς]
1212 2121 1328 2155 Schol.
1368 2120 1566 2165 Προδρομή
1601 2122 1705 2163 ἔστιν,

1062 2167 1149 2201 ὅταν
1186 2168 1221 2199 ἐν
1257 2167 1392 2210 πολέμῳ
1430 2164 1610 2210 καταλάβῃ
1651 2178 1706 2204 τις

1063 2214 1246 2256 φρουρίον,
1276 2213 1311 2249 ἐξ
1339 2209 1384 2246 οὗ
1413 2210 1559 2246 δύναται
1587 2211 1703 2255 ἄσφα-

1064 2260 1129 2295 λῶς
1153 2258 1323 2300 πολεμεῖν.
1372 2258 1454 2291 Hoc
1478 2256 1705 2291 loco'socra-

1063 2307 1118 2338 tes
1141 2303 1304 2346 intelligit
1327 2304 1501 2346 praeviam
1525 2303 1616 2337 illam
1642 2304 1704 2336 Al-

1064 2349 1205 2383 cibiadis
1229 2348 1461 2383 conditionem
1493 2347 1703 2389 disserendi,

1063 2405 1129 2438 qua
1159 2398 1297 2428 cautum
1331 2395 1408 2427 vult
1437 2403 1538 2435 eus,
1558 2399 1611 2426 *ne
1643 2403 1704 2426 ea-

1065 2440 1144 2474 dem
1169 2439 1468 2482 argumentatione
1488 2438 1703 2481 ignorantiae

1065 2489 1287 2528 coarguatur.

1133 2550 1293 2585 πόθεν
1329 2549 1504 2595 μαθὼν
1541 2544 1603 2582 αὖ
1633 2551 1700 2595 -——]

1065 2596 1407 2631 Schleiermaeli.
1452 2598 1597 2642 propter
1644 2606 1702 2629 se·-

1065 2653 1174 2686 quens
1207 2641 1302 2681 ὅςτις
1331 2640 1548 2682 retinendum
1581 2645 1723 2673 censet.

1065 2687 1216 2723 ὁπόθεν.
1266 2687 1337 2721 Gur
1370 2686 1477 2729 igitur
1499 2685 1551 2719 vir
1577 2684 1702 2719 doctus

1064 2744 1131 2768 non
1160 2732 1308 2767 offendit
1330 2743 1363 2775 p.
1391 2731 1469 2767 109.
1497 2731 1604 2766 Α.-ἰιι
1625 2731 1700 2764 hisz

1064 2780 1100 2812 τί
1129 2778 1352 2822 ἐγκαλοῦντες
1391 2774 1555 2818 ἀλλήλοις
1578 2794 1622 2802 —-
1644 2774 1701 2809 καὶ
