1742 2970
0 0 89 238 Γ
546 221 952 266 ALCIBIADEM
983 222 1017 265 I.

3 643 11 689 m*-
0 444 12 636 m‘ew.3—
0 239 13 434 mne-'unus

4 1091 8 1094 ·
0 1047 12 1078 ζμ»)
2 935 12 1043 ωειλ-ιω).
2 900 11 927 «ι

22 1013 29 1017 ι
28 920 30 922 .

1382 224 1464 266 201

212 336 381 380 Verum
419 337 525 380 haec
563 338 711 380 omnia
751 338 832 381 etsi
872 337 1130 381 Alcibiades
1179 339 1306 382 facile
1365 354 1468 382 con-

98 394 218 438 aedit
255 399 375 438 recte
414 394 608 437 iudicata
647 409 769 450 esse,
802 402 949 438 tamen
979 410 1085 438 non
1114 396 1350 438 multum
1381 412 1465 440 re-

99 453 249 495 ferre
270 451 522 506 arbitratur,
554 457 739 494 utrum
763 453 883 508 quis
906 452 1136 508 sapiens
1168 453 1243 495 sit
1273 468 1466 496 necne:

99 508 311 566 plurimos
349 509 465 551 enim
502 508 867 564 Atheniensium,
916 510 991 566 qui
1033 509 1348 565 rempublicam
1388 511 1466 553 ad-

98 566 464 621 ministraverint,
507 567 521 608 i
556 567 646 610 sius
686 566 882 611 Socratis
921 566 1086 609 iudicio
1130 566 1262 609 rudes
1303 573 1347 609 et
1398 569 1465 610 in-

98 623 254 669 doctos
282 623 442 678 fuisse,
487 624 503 665 i
537 639 678 680 eoque
709 625 794 667 sibi
824 623 964 667 videri
996 638 1370 681 supervacaneum
1398 625 1465 667 di-

97 679 261 724 scendo
290 679 426 723 multa
455 686 588 736 atque
618 680 864 724 exercendo
897 697 1074 738 operam
1104 680 1303 738 perdere,
1337 697 1464 737 prae-

97 737 246 782 sertim
285 750 420 792 quum
455 738 651 781 futurum
681 738 958 794 praevideat,
991 745 1049 781 ut
1079 739 1205 795 ipse
1236 739 1467 796 ingenii

96 795 585 851 vuipnestantia
628 804 679 838 et
718 802 956 838 naturae
988 796 1247 839 bonitate
1278 811 1466 838 aemu-

95 851 186 896 l-o’s
225 866 410 895 omnes
450 853 614 896 facili
657 853 898 911 negotio
941 858 1188 910 superet.
1250 852 1327 895 Ad
1357 853 1466 896 haec

96 914 242 953 antem
281 907 510 953 Socrates:
547 910 644 952 Ista
686 925 814 965 vero,
845 910 1013 965 inquit,
1047 916 1124 952 tua
1156 910 1287 951 animi
1316 909 1464 952 indole

95 972 141 1009 et
166 965 347 1023 ingenio
387 982 567 1024 prorsus
604 966 788 1025 indigna
826 974 944 1010 sunt.
1014 967 1173 1023 Neque
1219 967 1333 1008 enim
1365 982 1464 1010 cum

95 1023 196 1066 unis
226 1022 515 1079 adversariis,
548 1025 624 1080 qui
652 1024 697 1067 in
715 1030 879 1068 *nostra
906 1025 1083 1067 civitate
1112 1030 1238 1079 sunt,
1270 1024 1351 1066 tibi
1383 1025 1467 1066 erit

96 1079 473 1133 contendendum3
539 1080 618 1124 sed
675 1082 804 1124 etiam
852 1097 951 1125 cum
1011 1081 1202 1124 externis
1264 1080 1465 1124 hostibus

95 1136 372 1181 subeundum
412 1143 654 1193 certamen,
706 1139 835 1182 sicuti
890 1139 975 1180 fert
1024 1138 1310 1181 consiliorum
1365 1144 1465 1180 tuo-

94 1208 191 1237 rum
220 1194 492 1252 magnitudo.
552 1194 702 1250 Quum
730 1196 865 1253 igitur
894 1195 948 1238 ii's
980 1195 1207 1249 omnibus,
1251 1195 1326 1250 qui
1358 1195 1466 1250 quid

94 1250 372 1298 laudabiliter
399 1267 551 1309 gerere
583 1258 628 1295 et
657 1252 960 1295 administrare
989 1253 1186 1309 cupiunt,
1222 1251 1278 1293 ad
1301 1253 1466 1308 optima

95 1320 297 1365 quaeque
338 1307 591 1352 enitendum
631 1310 711 1362 sit3
752 1316 846 1352 tum
885 1309 990 1364 tibi,
1034 1309 1109 1366 qui
1151 1308 1466 1366 rempublicam

94 1364 431 1418 Atheniensium
469 1365 752 1410 administare
796 1367 1090 1421 constitueris,
1122 1366 1466 1422 haudquaquam

94 1422 141 1466 in
165 1422 422 1481 vulgaribus
460 1423 558 1467 istis
589 1430 667 1466 aut
694 1423 988 1467 mediocribus
1027 1423 1188 1467 studiis
1220 1423 1465 1466 subsisten-

11 1472 39 1515 Ἄ
78 1478 199 1528 ,dum
230 1485 315 1535 est,
345 1476 424 1524 sed
455 1480 504 1523 id
541 1482 692 1538 potius
730 1481 976 1540 agendum,
1017 1487 1067 1523 ut
1107 1497 1237 1537 quam
1278 1481 1464 1522 maxime

93 1537 256 1582 virtute
287 1552 340 1581 ac
365 1538 584 1595 sapientia
612 1539 816 1594 excellas,
853 1555 940 1595 quo
972 1539 1171 1595 superior
1201 1537 1363 1581 evadas
1394 1538 1463 1592 iis,

94 1595 177 1695 Ἐξ
211 1594 478 1661 reipublicae
524 1602 700 1639 nostrae
730 1596 915 1639 maxime
946 1595 1131 1638 timendi
1161 1602 1287 1650 sunt,
1320 1595 1463 1638 Lace-

141 1704 148 1710 ,
178 1653 424 1696 moruorum
443 1662 453 1710 J
464 1659 598 1709 atque
629 1653 865 1696 Persarum
894 1653 1084 1709 regibus.
1146 1652 1237 1696 Sed
1268 1667 1351 1694 nec
1381 1651 1466 1694 hac

94 1708 289 1752 oratione
319 1708 572 1766 reprimitur
601 1709 898 1754 adolescentis
929 1710 1159 1766 superbia,
1203 1709 1278 1765 qui
1309 1709 1466 1752 Persa-

93 1774 191 1810 rum
207 1772 264 1810 et
293 1766 746 1811 Lacedaemoniorum
777 1783 903 1824 reges
928 1768 1164 1810 arbitratur
1185 1767 1367 1809 aliarum
1397 1781 1465 1808 re-

93 1824 467 1882 rumpublicarum
494 1825 767 1882 principibus
792 1826 929 1867 nihilo
951 1840 1046 1868 esse
1064 1824 1280 1866 meliores.
1342 1822 1465 1876 Qua-

95 1887 278 1939 propter
316 1879 524 1925 Socrates
571 1882 659 1923 iam
697 1882 743 1924 id
793 1883 910 1940 agit,
948 1886 998 1923 ut
1044 1881 1216 1938 prolixa
1265 1880 1466 1922 oratione

32 1963 33 1968 =
98 1937 261 1981 doceat
288 1944 414 1982 tanta
451 1953 548 1981 esse
577 1953 731 1995 regum
759 1938 935 1982 illorum
972 1938 1091 1980 bona
1130 1943 1174 1979 et
1217 1934 1464 1990 commoda,

13 1989 26 2003 ‘'
96 2000 147 2037 ut
173 1991 447 2050 Alcibiades,
481 1995 680 2051 quamvis
709 1996 884 2053 generis
908 1995 1152 2049 nobilitate,
1186 1993 1464 2048 educatione,

96 2049 346 2096 divitiarum
375 2052 676 2111 possessione,
709 2053 806 2095 aliis
838 2053 980 2107 bonis,
1012 2051 1199 2094 maxime
1224 2050 1464 2107 superbiat,

94 2114 241 2153 tamen
279 2118 382 2157 cum
418 2110 505 2153 illis
542 2109 709 2162 nullam
737 2110 886 2153 subire
917 2115 1050 2165 queat
1079 2107 1466 2173 comparationem.

97 2165 417 2223 Qna‘quidem
457 2167 838 2224 argumentatione
879 2166 1291 2223 superbisslmo
1335 2163 1467 2207 ado-

95 2222 344 2267 lescenti
381 2224 604 2267 tandem
649 2224 814 2267 etiam
861 2223 1008 2266 illud
1057 2222 1322 2279 eripitur,
1375 2236 1468 2264 cu-

96 2281 186 2323 ius
225 2288 393 2325 causa
430 2282 662 2324 maxime
703 2297 759 2324 se
815 2280 1039 2339 dignum
1090 2279 1358 2336 putabat,
1403 2277 1468 2320 ad

30 2355 35 2378 :
99 2344 254 2395 quem
294 2335 586 2381 summi-in
630 2338 933 2395 republica
980 2337 1223 2380 honores
1280 2335 1469 2380 defer-

6 2397 39 2457 ,ἶ
97 2401 300 2442 rentur
331 2395 388 2451 ¹⁸⁸).

213 2452 371 2508 Itaque
403 2468 537 2496 nunc.
559 2452 737 2496 tandem
778 2452 1106 2496 confitetur
1155 2448 1304 2492 illud
1351 2449 1468 2492 sibi

99 2509 368 2569 a'gendum
403 2524 550 2565 esse,
581 2518 645 2553 ut
674 2510 872 2553 melior
901 2509 1037 2563 fiat,
1069 2513 1285 2565 rogatque
1306 2505 1467 2550 Socra-

98 2572 224 2624 tem,
253 2573 306 2610 ut
336 2582 424 2623 quo
448 2566 578 2610 modo
607 2567 653 2609 id
684 2567 799 2610 effici
821 2572 970 2622 queat,
1003 2565 1223 2622 explicare
1255 2569 1299 2606 et
1317 2569 1465 2606 osten-

101 2623 204 2668 dere
234 2624 350 2668 velit.
410 2625 500 2667 Hic
529 2625 664 2682 igitur
690 2639 742 2667 ea
772 2624 827 2667 de
856 2639 903 2666 re
935 2622 1223 2681 communiter
1252 2635 1465 2676 quaeren-

172 2811 208 2852 ⁸)
232 2809 273 2844 P.
305 2809 381 2846 ¹19.
409 2811 447 2843 Β.
476 2828 518 2835 -
548 2808 621 2844 124.
648 2808 689 2839 Β.
