1742 2970
337 226 419 266 262
831 223 1198 268 PLATONIS

438 341 542 383 AA.
610 337 744 383 Πάνυ
778 342 859 395 μὲν
895 333 991 384 οὖν.

442 406 550 450 ΣΩ.
622 404 795 451 Οὐκοῦν
831 403 911 459 τὴν
946 404 1156 460 τοιαύτην
1174 404 1399 462 βοήθειαν
1434 380 1575 459 καλὴν
1607 407 1688 462 μὲν

337 475 470 527 λέγεις
525 469 638 515 κατὰ
692 470 775 525 τὴν
826 476 1088 530 ἐπιχείρησιν
1145 475 1224 517 τοῦ
1273 475 1412 517 σῶσαι
1459 469 1539 523 οὓς
1571 473 1687 517 ἔδει·

339 542 474 583 τοῦτο
513 537 552 583 δ’
594 541 711 582 ἐστὶν
745 538 948 597 ἀνδρεία·
988 537 1014 593 ἢ
1049 537 1128 594 οὕς

439 607 544 651 ΑΛ.
615 607 724 649 Ναί.

437 684 545 728 ΣΩ.
614 679 771 735 Κακὴν
806 683 850 725 δέ
885 700 931 737 γε
965 679 1078 725 κατὰ
1115 680 1221 734 τοὺς
1256 680 1498 733 θανάτους
1534 697 1580 727 τε
1616 682 1690 724 καὶ

338 750 393 796 τὰ
430 755 545 804 ἕλκη.
580 744 760 805 ἦ’γοέρ,·

440 818 546 861 ΑΛ.
616 818 722 859 Ναί.

437 894 543 937 ΣΩ.
598 886 702 950 Ἆρ’

337 964 382 1005 δὲ
419 959 442 1004 ὁ
479 958 713 1014 &vivat-093

437 1028 541 1070 AA.
614 1023 751 1068 Πάνυ
787 1042 848 1080 γε.

439 1104 547 1148 ΣΩ.
621 1101 710 1146 Οὐκ
746 1099 838 1158 ἄρα
883 1100 996 1146 κατὰ
1033 1101 1201 1148 ταύτόν
1241 1105 1287 1159 γέ
1321 1107 1412 1146 ἐστι
1445 1097 1582 1146 καλὸν
1617 1104 1691 1146 καὶ

340 1168 477 1214 κακὸν
513 1168 562 1215 τὸ
599 1176 694 1220 τοῖς
723 1171 866 1228 φίλοις
898 1171 1108 1225 βοηθεῖν.

437 1239 544 1280 ΑΛ.
618 1235 678 1279 Οὐ
715 1239 934 1294 φαίνεται.

444 1313 549 1357 ΣΩ.
606 1311 719 1369 Ὅρα
764 1316 937 1365 τοίνυν,
983 1318 1019 1356 εἰ
1066 1307 1091 1374 ἦ
1127 1330 1174 1368 γε
1211 1309 1350 1355 καλὸν
1385 1312 1459 1355 καὶ
1490 1309 1690 1366 ἀγαθόν,

341 1378 480 1439 ὥςπερ
513 1382 586 1423 καὶ
610 1381 843 1424 ἐνταῦθα.
889 1377 1002 1423 κατὰ
1038 1378 1120 1433 τὴν
1155 1378 1364 1445 ἀνδρείαν
1399 1376 1485 1434 γὰρ
1523 1375 1693 1435 ὡμολό-

339 1465 427 1503 γεις
459 1445 596 1491 καλὸν
633 1443 742 1490 εἶναι
766 1444 848 1499 τὴν
870 1445 1111 1502 βοήθειαν.
1149 1443 1270 1498 τοῦτ’
1315 1437 1397 1490 οὖν
1432 1440 1544 1488 αὐτὸ
1581 1442 1692 1488 σκό-

338 1532 419 1564 πει,
457 1512 537 1566 τὴν
570 1512 803 1569 ἀνδρείαν,
842 1510 1030 1566 ἀγαθὸν
1064 1510 1091 1566 ἢ
1130 1508 1289 1564 κακῶς
1324 1505 1405 1555 ὧδε
1441 1513 1486 1554 δὲ
1522 1509 1691 1556 σκόπει.

340 1579 484 1638 πότερ’
529 1577 586 1623 ἂν
624 1577 764 1632 δέξαιό
798 1594 870 1623 σοι
907 1579 1031 1631 εἶναι,
1069 1576 1234 1636 ἀγαθοὶ
1272 1575 1473 1631 ἢ,κακοὶ;

755 884 835 934 οὗν
886 891 966 934 οὐκ
1012 889 1122 937 ἄλλο
1165 895 1246 948 μὲν
1280 891 1308 946 ἡ
1343 891 1546 958 ἀνδρεία,
1577 889 1688 937 ἄλλο

434 1755 474 1789 Β.
523 1757 652 1786 τοῦτο
689 1753 724 1786 δ’
761 1755 874 1787 ἐστὶν
906 1754 1099 1799 ἀνδρεία]
1126 1754 1185 1787 Sic
1211 1752 1551 1790 Bod1.vind.1.9
1575 1753 1691 1787 Proc1.

365 1799 477 1834 .335.
523 1801 638 1842 Vulgo
669 1798 752 1842 ἅνδρ
756 1801 802 1832 ία.
849 1801 933 1833 Mox
958 1801 989 1833 in
1024 1800 1079 1833 καὶ
1113 1800 1154 1832 τὰ
1182 1799 1255 1842 ἕλκη
1286 1799 1465 1833 articulum
1491 1806 1560 1833 om.
1583 1800 1689 1833 ΟοίοΙ.

338 1846 419 1878 Par.
452 1826 656 1878 BCEHOU.
683 1812 776 1877 Μορμι
801 1846 901 1878 vind
934 1847 964 1880 1.
988 1845 1021 1880 2.
1046 1846 1090 1881 9.
1104 1845 1200 1879 Flor.
1227 1855 1259 1878 a.
1284 1845 1317 1877 b.
1343 1855 1372 1877 c.
1398 1845 1430 1878 d.
1453 1845 1475 1877 ἰ.
1500 1855 1533 1878 ο.

432 1890 471 1923 O.
521 1890 621 1922 αλλο
657 1893 729 1932 μὲν
760 1889 778 1931 ἡ
811 1890 1020 1935 ἀνδρεία]
1051 1891 1111 1924 Sic
1135 1892 1235 1924 Bodl.
1262 1891 1366 1923 Coisl.
1391 1891 1468 1924 Vat.
1494 1890 1579 1924 Ven.
1606 1889 1690 1924 ΞΠ.

339 1936 438 1970 vind.
468 1938 497 1970 1.
523 1937 556 1971 9.
583 1936 778 1980 Olympiod.
805 1940 839 1969 et
863 1937 978 1970 Procl.
1005 1946 1066 1979 pro
1096 1939 1186 1979 vulg.
1208 1935 1343 1979 ἀνδρία.
1393 1936 1452 1969 Sic
1475 1932 1578 1969 etiam
1599 1946 1689 1970 mox.

430 1980 562 2025 ὥςπερ
589 1982 658 2012 καὶ
684 1982 906 2024 ἐνταυθα]
932 1982 987 2014 καὶ
1012 1993 1080 2015 om.
1108 1982 1209 2015 Bodl.
1238 1982 1313 2015 Vat.
1337 1983 1427 2015 Ven.
1452 1980 1500 2013 Π.

431 2026 582 2071 πότερ’
614 2039 658 2058 αν
695 2026 861 2069 δέξαιο[
897 2027 1008 2070 Vulgo
1044 2025 1082 2059 σὺ
1120 2026 1243 2069 πότερ’
1276 2039 1321 2058 αν
1351 2027 1381 2062 δ.
1429 2019 1500 2062 Sed
1525 2029 1622 2060 recte
1647 2025 1686 2059 σι)

338 2083 406 2105 om.
435 2073 534 2105 Bodl.
564 2072 637 2104 Vat.
668 2071 751 2105 Ven.
778 2073 823 2104 Π.
851 2073 930 2105 Par.
958 2074 998 2107 U.
1037 2074 1131 2105 Mon.
1167 2072 1252 2105 Ald.
1282 2073 1366 2104 Bas.
1390 2072 1422 2106 1.
1445 2071 1480 2106 2.
1506 2071 1605 2104 Stob.
1653 2072 1690 2104 ln

339 2118 446 2150 Coisl.
477 2122 512 2151 et
536 2117 631 2150 Flor.
659 2117 691 2150 d.
720 2121 774 2151 est
800 2116 841 2150 σύ
865 2118 904 2159 δὴ
930 2117 1055 2162 πότερ’
1080 2118 1133 2152 ἄν.
1160 2118 1242 2151 Par.
1268 2117 1307 2151 F.
1336 2121 1371 2150 et
1395 2117 1534 2160 Olymp.
1559 2127 1594 2160 p.
1614 2117 1688 2153 120.

337 2226 395 2261 ἄη.
419 2227 587 2270 probante
614 2227 895 2269 Buttmanno,
921 2229 978 2270 qui

336 2284 375 2305 τε
413 2274 543 2305 omisso
586 2282 724 2305 sensum
771 2272 859 2305 hunc
899 2283 978 2306 esse

337 2321 476 2352 censetx
535 2318 762 2351 vulnerati
811 2319 977 2351 mortui

339 2367 457 2403 sunt3
495 2373 599 2404 quum
638 2364 727 2396 ratio
763 2362 827 2396 hoc
859 2364 978 2405 potius

338 2409 471 2450 exigat:
510 2412 552 2441 et
591 2410 770 2442 vulnera
801 2419 979 2451 accepe-

337 2457 441 2486 runt
473 2457 513 2486 et
547 2455 713 2486 mortui
744 2459 858 2487 snut.
905 2453 979 2487 No-

339 2499 384 2532 lui
416 2502 531 2532 tamen
561 2502 614 2531 tot
655 2499 833 2532 codicibus
863 2499 978 2532 invitis

338 2545 511 2577 voculam,
531 2544 751 2586 interponere
761 2569 771 2584 ,
815 2554 978 2587 praeser-

337 2590 399 2622 tim
423 2599 526 2631 quum
551 2589 635 2622 infra
662 2600 695 2631 p.
721 2589 802 2624 115.
832 2590 873 2622 Ε.
910 2600 978 2623 non

338 2636 536 2672 vulnerum.
575 2634 639 2667 sed
678 2635 798 2667 mortis
841 2638 977 2668 tantum

338 2681 467 2713 mentio
492 2680 670 2715 inficiatur.
703 2680 858 2721 Accedit,
885 2680 977 2722 quod

337 2724 395 2756 καὶ
429 2726 533 2760 etiam
568 2725 646 2759 alibi
669 2725 822 2767 positum
847 2726 977 2768 reperi-

338 2777 416 2811 tur,
455 2771 511 2804 ubi
550 2783 587 2804 τε
623 2770 679 2811 καὶ
709 2774 901 2813 exspectes.
945 2782 983 2803 v„

1048 2227 1284 2309 Heltbssnlann.
1325 2228 1370 2261 ad
1401 2227 1566 2271 Sophocl.
1599 2227 1688 2272 Phil.

1047 2283 1079 2307 v.
1198 2298 1206 2306 .

1122 2361 1293 2397 Οὐκοῦν
1349 2362 1426 2406 τὴν
1470 2363 1690 2406 τοιαύτην

1047 2407 1273 2452 βοήθειαν
1303 2421 1332 2440 κ.
1363 2422 1400 2452 μ.
1427 2409 1488 2452 L]
1522 2409 1574 2442 Ad
1609 2419 1689 2442 seu-

1046 2455 1189 2487 tentiam
1253 2454 1463 2490 contendas
1495 2453 1529 2486 X
1537 2464 1556 2488 e
1567 2464 1588 2487 n
1597 2465 1616 2486 ο
1626 2465 1646 2496 p
1656 2455 1687 2488 h.

1046 2499 1154 2533 Mem.
1193 2499 1270 2540 ΙΙΙ,
1305 2499 1347 2540 8,
1379 2501 1412 2534 7.
1459 2497 1572 2531 πάντα
1618 2499 1686 2542 γὰρ

1045 2543 1165 2587 αγαθὰ
1198 2547 1261 2594 μὲν
1289 2546 1348 2577 καὶ
1381 2543 1467 2577 καλά
1503 2544 1579 2577 ἔστι
1599 2543 1687 2600 πρὸς

1045 2588 1067 2621 οὶ
1099 2603 1143 2622 αν
1177 2595 1215 2623 ει]
1246 2591 1325 2634 ἔχῃ,
1356 2587 1451 2624 κακὰ
1478 2589 1514 2622 δὲ
1541 2588 1630 2632 πρὸς
1662 2587 1684 2621 ἃ

1045 2647 1088 2667 αν
1111 2638 1229 2673 κακῶς.
1276 2625 1426 2669 Omnino
1450 2637 1562 2668 totum
1589 2633 1685 2668 iss'um

1045 2682 1163 2715 locum
1199 2680 1280 2715 inde
1313 2691 1333 2714 a
1368 2680 1400 2722 ξ.
1429 2679 1462 2714 5
1502 2690 1580 2713 cum
1623 2679 1687 2713 hac

1045 2727 1346 2769 argumentatione
1379 2724 1603 2760 contendisse
1632 2724 1684 2758 iu-

1046 2772 1149 2805 vabit.
