1742 2970
326 201 385 250 26
740 257 743 260 ¹
814 203 1173 247 ῬιΛΤοΝιε

326 319 448 368 301..,
484 317 536 358 de
573 330 652 371 quo
685 319 777 358 loco
819 319 858 359 in
897 319 1204 372 I’rolegomenis
1241 319 1290 359 ad
1328 319 1434 359 hunc
1468 320 1669 374 dialogum

277 415 279 417 ,
325 376 623 428 explicabimus.
687 376 942 428 Atque,11uc
977 378 1096 418 etiam
1126 377 1250 427 illud,
1290 379 1455 430 opinor,
1484 377 1668 428 referen-

328 433 422 472 dum
459 438 547 481 est,
585 433 691 484 quod
732 433 922 474 Socrates
959 435 999 474 in
1028 435 1216 486 colloquii
1255 436 1366 474 exitu
1397 448 1490 484 sese
1517 434 1669 475 aitsa-

326 490 478 537 mniare
505 490 556 530 de
583 491 710 540 ideis,
738 491 817 530 hoc
847 496 911 544 est
940 505 1008 531 eas
1036 492 1160 531 veluti
1187 491 1387 531 divinare:
1417 487 1524 545 qiipd
1554 496 1668 541 certe

325 548 367 587 in
395 548 691 588 adolescentem
722 549 1033 601 philosophum,
1055 549 1131 601 'qui
1160 549 1332 588 nondum
1362 542 1477 591 certa
1503 549 1670 589 iecisset

324 606 494 646 rationis
525 618 620 644 suae
649 606 919 654 fundamenta,
950 607 1114 657 egregie
1140 607 1336 646 convenit.
1395 605 1551 646 Eodem
1580 605 1667 647 for?

324 665 434 703 tasse
463 664 671 715 pertinet,
702 663 808 715 quod
836 663 1026 703 Socrates
1057 677 1102 703 se
1138 675 1241 702 nunc
1281 663 1440 714 quidem
1470 676 1669 716 quaerere
1694 712 1696 714 μ

323 720 434 760 nolle
471 718 711 774 profitetur,
759 725 893 760 utrum
936 720 1135 759 Heracliti
1188 720 1239 758 de
1284 725 1483 772 perpetua
1531 733 1665 762 rerum

325 777 585 822 fluctuatione
623 780 825 817 sementia
861 791 907 816 an
937 778 1114 817 idearum
1155 777 1335 819 doctrina
1363 778 1417 817 sit
1445 778 1666 829 praestabi-

323 835 424 883 lior,
453 835 527 879 sed
555 834 634 878 hoc
661 846 781 876 uuum
809 834 987 874 affirmat
1018 838 1061 873 et
1091 834 1322 883 contendit,
1357 838 1514 876 temere
1543 847 1666 886 agere

326 903 398 930 eos
430 903 589 938 omnes,
620 891 687 942 qui
716 903 765 929 ex
801 891 1082 937 vocabulorum
1126 891 1280 942 origine
1315 896 1435 944 atque
1463 892 1501 930 vi
1529 905 1666 932 rerum

324 949 502 1005 ipsarum
531 952 712 994 naturam
743 949 933 1005 cognosci
961 960 1084 999 posse
1112 947 1389 1000 arbitrentur,
1434 947 1526 1003 linc
1552 948 1665 991 aliud

322 1005 421 1056 quid
449 1005 627 1054 accedit,
657 1005 766 1057 quod
791 1006 1061 1050 coniecturam
1082 1007 1261 1049 nostram
1280 1004 1345 1043 vel
1373 1005 1666 1051 maximenon&-

320 1063 485 1106 firmare
512 1063 682 1105 videtur.
739 1062 889 1115 Negari
916 1063 1020 1107 enim
1049 1074 1128 1106 non
1147 1064 1288 1112 potest
1307 1061 1489 1114 dialogos·
1504 1060 1664 1117 Eut-by-

320 1120 453 1170 demi,
495 1119 651 1172 Cratyli
691 1122 734 1158 et
767 1120 1016 1172 Protagorae
1043 1119 1203 1164 nomine
1231 1119 1449 1170 inscriptos
1482 1118 1530 1170 ad
1558 1118 1664 1169 Pro-

320 1182 501 1232 tagoram
546 1179 712 1230 eiusque
759 1177 979 1229 discipulos
1026 1175 1303 1228 coarguendos
1349 1180 1396 1215 et
1427 1175 1664 1216 refutandos

321 1232 544 1288 pertinere.
602 1235 703 1279 Nam
733 1235 773 1276 iu
802 1231 1061 1286 Euthydemo
1091 1246 1284 1284 perversa
1323 1232 1662 1286 Protagoreorum

322 1292 557 1341 dialectica,
601 1305 678 1344 qua
716 1292 767 1336 ad
802 1295 964 1344 argutas
1001 1291 1207 1343 captiones
1245 1293 1287 1329 et
1322 1290 1490 1342 laqueos
1517 1291 1660 1333 abute-

319 1350 491 1398 bantur,
518 1349 680 1388 iuvenili
708 1348 999 1401 propemodum
1031 1348 1252 1399 petulantia
1278 1348 1586 1401 perstringitur:
1617 1347 1660 1388 in

323 1407 488 1458 Cratylo
537 1406 789 1446 facetissime
839 1405 1069 1457 exploditur
1117 1406 1256 1456 inepta
1299 1405 1377 1445 ista
1414 1406 1542 1453 ratio,
1582 1405 1660 1457 qua

320 1464 442 1503 iidem
464 1464 524 1509 illi
540 1464 590 1509 ad
613 1463 699 1507 veri
719 1463 990 1515 cognitionem
1018 1462 1230 1513 pervenire
1248 1465 1292 1501 et
1311 1474 1362 1502 ex
1376 1462 1659 1503 vocabulorum

322 1521 544 1571 originibus
583 1533 656 1559 sua
690 1520 872 1572 ipsorum
909 1519 1073 1558 decreta
1111 1519 1349 1560 confirmare
1389 1519 1658 1559 conabantur:

318 1578 360 1617 in
394 1577 617 1630 Protagora
651 1576 824 1629 denique
843 1576 891 1622 ⁴id
921 1577 1072 1628 agitur,
1110 1578 1157 1615 ut
1184 1587 1324 1615 eorum
1352 1576 1512 1620 virtutis
1538 1575 1658 1616 disci-

319 1635 470 1687 plinam
507 1635 658 1681 nullam
698 1647 791 1678 esse
829 1646 970 1686 magna
1009 1633 1200 1675 orationis
1234 1633 1351 1689 copia
1389 1636 1432 1675 et
1459 1632 1659 1686 elegantia

319 1692 526 1737 doceatur.
594 1690 700 1746 Quid
733 1692 888 1746 igitur?
922 1690 1114 1729 haeccine
1143 1702 1266 1742 opera
1295 1693 1406 1734 tauta
1433 1688 1659 1742 argumenti

319 1749 580 1794 similitudine
609 1752 652 1792 et
679 1749 918 1801 cognatione
945 1748 1052 1792 iuter
1080 1759 1128 1786 sc
1154 1747 1364 1790 coniuncta
1391 1744 1533 1800 magno
1553 1751 1658 1787 tem-

318 1819 463 1859 porum
505 1805 715 1851 intervallo
749 1806 945 1846 disiuncta
983 1804 1114 1845 fuisse
1152 1804 1498 1849 existimabimus?
1551 1803 1658 1844 Mihi

318 1863 499 1916 quidem,
529 1864 689 1911 fateor,
719 1875 768 1901 ea
796 1875 959 1914 semper
987 1862 1069 1900 visa
1098 1865 1191 1900 sunt
1218 1862 1274 1904 ita
1310 1860 1421 1906 inter
1455 1873 1503 1906 Se
1531 1873 1657 1914 copu—

316 1921 398 1960 lata
427 1934 543 1970 esse,
572 1924 617 1960 ut
648 1933 724 1965 nec
754 1921 921 1972 scriptio
951 1931 1090 1958 eorum
1117 1919 1159 1963 iu
1186 1918 1343 1963 diversa
1381 1921 1566 1971 tempora
1593 1919 1658 1959 in-

316 1978 455 2023 cidere
491 1976 750 2024 existimanda
791 1978 855 2018 sit.
923 1975 1004 2018 Iam
1039 1987 1136 2018 vero
1173 1973 1478 2030 Euthydemum'
1513 1976 1657 2016 verisi-

316 2036 468 2080 militer
497 2036 678 2081 videmur
707 2034 930 2087 coniecisse
959 2032 1118 2085 Olymp.
1147 2032 1290 2078 XCIV.
1321 2034 1373 2075 in.
1403 2045 1495 2072 esse
1522 2033 1654 2075 literis

314 2094 604 2144 consignatum.
660 2091 908 2143 Protagorae
936 2094 1070 2134 autem
1099 2102 1240 2140 annum
1268 2090 1432 2133 tertium
1452 2090 1516 2128 vel
1538 2102 1655 2141 quar·

314 2152 400 2188 tum
431 2150 609 2193 eiusdem
640 2147 887 2205 Olympiadis
916 2146 1214 2197 assignavimus.
1271 2147 1383 2197 Quae
1421 2147 1564 2191 sinon
1592 2151 1654 2188 te-

313 2219 427 2246 mere
463 2206 704 2252 statuimus,
745 2204 953 2255 Cratylum
992 2203 1201 2255 probabile
1235 2207 1299 2243 est
1334 2202 1464 2246 media
1494 2204 1655 2256 Olymp.

313 2262 458 2303 XCIV.
495 2275 574 2303 non
610 2262 736 2306 multo
774 2257 867 2300 ante
907 2260 1170 2311 Protagoram
1210 2261 1251 2299 in
1294 2261 1424 2299 lucem
1456 2261 1654 2312 publicam

310 2319 529 2372 prodiisse,
586 2319 817 2370 Quanquam
846 2318 880 2357 si
915 2318 1003 2369 quis
1034 2317 1209 2361 certiora
1237 2317 1288 2356 de
1316 2317 1392 2357 hac
1421 2331 1469 2359 re
1500 2319 1540 2356 iu
1568 2330 1653 2360 me-

315 2376 423 2416 dium
450 2376 658 2425 attulerit,
689 2371 938 2427 argumentis
959 2373 1089 2416 facile
1108 2374 1335 2414 concedam.
1406 2375 1549 2415 Parum
1580 2387 1654 2413 ve-

314 2446 361 2474 ro
400 2433 622 2486 probabilia
656 2432 863 2482 villentur,
888 2443 989 2483 quae
1031 2429 1562 2475 Schleiermacher-us
1591 2435 1652 2470 at-

315 2503 394 2543 que
432 2490 620 2531 Astius
656 2489 707 2534 de
745 2490 820 2529 hac
859 2485 906 2534 re
941 2490 1199 2532 commentati
1240 2492 1344 2528 sunt.
1421 2488 1493 2532 ille
1546 2489 1650 2528 enim

315 2547 424 2599 quod
463 2546 670 2604 Cratylum
707 2548 903 2598 scriptum
941 2557 1035 2590 esse
1072 2549 1212 2583 censet
1237 2545 1417 2602 proxime
1446 2548 1541 2597 post
1567 2545 1651 2584 Eu·-

313 2604 549 2655 thydemum
576 2607 699 2655 atque
728 2604 1024 2650 Theaetetum,
1054 2601 1195 2652 quibus
1224 2602 1337 2647 libris
1365 2607 1549 2653 tanquam
1581 2614 1650 2640 cu-
1716 2632 1718 2635 .

315 2662 447 2706 mulus
485 2662 725 2710 accesserit,
761 2660 803 2705 id
830 2661 886 2705 ita
926 2662 990 2698 est
1013 2663 1306 2710 comparatum,
1345 2662 1390 2701 ut
1416 2663 1651 2710 argumento

317 2718 536 2763 Theaeteti
576 2723 763 2759 accurate
800 2710 1053 2756 considerato
1098 2711 1243 2755 nemini
1289 2715 1451 2768 placere
1503 2717 1648 2768 possit.

315 2775 458 2833 Neque
484 2774 589 2819 enim
621 2788 724 2830 quae
749 2776 791 2821 in
818 2774 1049 2818 Theaeteto
1079 2771 1280 2830 disputata
1309 2775 1402 2818 suut
1428 2784 1504 2830 pet
1533 2785 1650 2826 argu-
