1742 2970
315 221 370 264 12
818 219 1156 262 PLATONIS

317 409 436 459 patet
471 418 520 444 ex
546 404 705 457 linguae
742 417 829 455 eam
858 403 1152 455 pronuntiantis
1189 403 1435 442 vibratione:
1473 415 1498 454 q
1613 415 1660 442 ca

319 476 368 502 ea
396 463 436 502 in
464 462 627 502 vocibus
659 461 774 513 ῥεῖν,
804 455 983 514 τρόμος,
1014 456 1200 515 κρούειν,
1232 461 1321 498 aliis
1353 462 1506 499 motum
1573 460 1659 511 gni-

319 520 545 568 ficantibus,
574 519 707 558 locum
736 518 870 557 habet.
930 518 1058 556 Porro
1081 519 1164 557 iota
1193 517 1342 556 indicat
1372 516 1508 555 tenuia
1537 522 1580 554 et
1607 516 1660 555 ob

319 570 560 617 tenuitatem
584 589 695 616 suam
713 581 852 615 cetera
868 576 1129 627 permeantia‚
1154 579 1199 613 ut
1217 575 1258 613 in
1276 575 1390 615 ἱέναι
1420 577 1464 612 et
1492 570 1660 614 ἵεσθαι.

318 644 626 706 Veliementiam
672 644 864 696 quandam
915 649 957 682 et
992 643 1206 682 stridorem
1247 642 1475 696 significant
1513 653 1562 690 σ,
1601 654 1662 697 (p,

319 724 385 763 ψ,
417 712 460 763 ζ,
495 714 608 752 velut
638 713 679 752 in
715 713 879 751 vocibus
912 706 1105 768 ψυχρόν,
1145 709 1264 761 ζέον,Υ
1306 709 1532 758 σείεσθαι,
1559 708 1660 748 aliis.

319 771 384 811 Ad
413 770 590 823 quietem
616 774 662 808 -et
692 773 839 808 statum
869 768 1171 820 significandum
1215 766 1540 806 accommodatae
1568 770 1664 806 eunt

319 840 467 880 literae
496 838 524 878 ὃ
552 841 596 876 et
613 829 671 886 ἶ,
699 837 740 876 in
780 829 922 888 quibus
960 835 1262 887 pronuntiandis
1304 835 1439 887 lingua
1475 834 1663 874 dentibus

323 897 438 949 quasi
466 895 661 934 innititur.
719 893 865 941 Lenia,
895 893 1067 944 liquida,
1096 892 1297 943 glutinosa
1325 897 1421 945 apte
1450 891 1663 944 designan-

323 971 393 1005 tur
421 976 499 1016 per
525 950 572 1012 ἶ,
601 962 642 1001 ἰ11
673 974 751 1014 quo
780 960 1031 1014 proferendo
1068 960 1203 1011 lingna
1230 959 1378 998 leniter
1414 960 1527 1010 quasi
1562 959 1663 999 labi-

324 1028 405 1066 tur.
462 1021 521 1061 Et
549 1020 608 1059 sic
636 1032 896 1071 unaquaeqne
924 1018 1043 1056 litera
1074 1017 1277 1068 propriam
1308 1016 1386 1055 sibi
1413 1017 1491 1056 vim
1519 1019 1564 1055 et
1591 1028 1667 1068 po-

323 1081 520 1120 testatem
551 1076 698 1124 habet,
729 1089 830 1128 quae
856 1077 896 1115 in
927 1076 1012 1114 eius
1044 1087 1119 1112 usn
1147 1074 1365 1125 diligenter
1403 1078 1468 1113 est
1491 1072 1668 1114 animad-

324 1134 528 1177 vertenda.
586 1133 633 1175 1¹.
663 1133 760 1172 426.
792 1133 825 1173 Β
854 1154 907 1162 -
937 1132 1034 1174 427.
1063 1131 1112 1170 D.

413 1224 612 1276 uFatetnr
648 1223 834 1275 cratylus
877 1223 978 1261 haec
1021 1222 1151 1261 omnia
1193 1234 1360 1274 prorsus
1407 1220 1457 1261 ad
1492 1224 1698 1261 mentem(

328 1295 441 1324 suam
470 1281 666 1334 explicata
698 1293 803 1328 esse,
837 1281 920 1320 sive
951 1281 1042 1332 qnia
1071 1279 1263 1319 Socrates
1295 1281 1343 1319 ab
1371 1278 1672 1331 Enthyphrone

328 1352 446 1381 sacro
475 1338 646 1391 quodam
675 1337 817 1376 furore
846 1338 1061 1376 instinctus
1091 1337 1170 1385 sit,
1200 1338 1284 1376 sive
1314 1337 1420 1388 quod
1449 1336 1526 1375 alia
1552 1334 1672 1375 Musa

330 1394 556 1439 ei'numine
587 1407 660 1434 sno
690 1395 862 1436 affuerit.
922 1395 998 1445 Qui
1021 1394 1141 1449 'locus
1172 1394 1393 1433 clarissime
1429 1393 1551 1432 docet
1592 1393 1671 1431 ista

331 1455 462 1495 omnia
499 1467 522 1492 a
560 1452 729 1492 Socrate
767 1464 844 1490 non
883 1462 949 1490 ex*
967 1464 1037 1490 sua
1072 1455 1230 1498 mente,
1279 1450 1348 1491 sed
1393 1450 1442 1489 ad
1475 1450 1673 1488 rationem

429 346 552 390 valet
576 349 722 391 ,autem
761 330 882 386 litera
910 361 935 402 ρ
965 345 1014 385 ad
1053 350 1203 385 motum
1241 343 1657 498 significanduwut

330 1514 500 1553 aliorum
529 1509 831 1549 accommodate
860 1508 1018 1547 ludibrii
1047 1509 1174 1559 gratia
1199 1521 1293 1546 esse
1322 1507 1517 1560 exposita.
1573 1506 1675 1546 Nam

330 1570 398 1610 vel
428 1581 489 1616 ea,
519 1579 622 1619 qnae
650 1579 746 1604 vere
773 1569 968 1617 recteque
995 1564 1263 1604 animadversa
1293 1571 1398 1613 sunt,
1421 1562 1525 1603 haud
1555 1563 1676 1602 dubie

332 1626 554 1668 inserviunt
581 1623 769 1663 irrisioni.
827 1623 1011 1674 Accepto
1035 1626 1168 1660 autem
1189 1621 1344 1673 Cratyli
1371 1633 1570 1673 responso
1595 1619 1676 1659 So-

333 1688 468 1727 crates
507 1682 610 1720 hanc
640 1680 880 1721 sententiam
918 1679 1180 1719 subtilissime
1217 1680 1452 1731 impugnare
1491 1683 1535 1718 et
1561 1676 1676 1717 refu-

334 1748 425 1782 tare
451 1739 640 1780 instituit.

448 1819 642 1865 Nomina,
677 1816 828 1868 inquit,
867 1816 989 1855 rebus
1031 1815 1164 1867 posita
1203 1818 1320 1864 sunt,
1365 1819 1412 1855 ut
1449 1814 1501 1854 de
1527 1807 1679 1853 ¹earum

335 1882 480 1920 natura
524 1876 786 1915 edoceamur:
844 1879 910 1912 est
954 1874 1077 1924 igitur
1117 1885 1182 1912 ars
1238 1872 1433 1925 quaedam
1470 1871 1680 1912 ,nominum

336 1940 453 1976 recte
481 1931 819 1974 inveniendorum.
878 1931 993 1981 Quod
1034 1931 1114 1969 etsi
1144 1930 1331 1982 cratylus
1367 1927 1576 1976 concedit,
1614 1932 1681 1967 ta-

339 2006 434 2034 men
481 1991 639 2031 nomina
673 1989 749 2028 alia
788 1988 875 2026 aliis
915 1987 1040 2039 magis
1079 1987 1200 2027 rebus
1240 1986 1539 2025 accommodata
1587 1997 1681 2024 esse

340 2052 480 2102 negat,
512 2038 694 2100 qnoniam
726 2058 986 2096 quaecunque
1014 2057 1110 2083 vere
1139 2045 1220 2083 sint
1248 2057 1382 2083 rerum
1413 2043 1593 2090 nomina,
1634 2054 1682 2080 ea

337 2109 462 2148 ,etiam
491 2106 614 2144 rebus
651 2104 817 2155 propria
847 2103 951 2150 sint3
992 2106 1131 2139 cetera
1160 2105 1294 2139 antem
1328 2113 1378 2139 ne
1407 2099 1566 2148 nomina
1594 2099 1681 2149 qni-

341 2166 432 2204 dcm
463 2175 556 2202 esse
585 2159 807 2206 contendit,
837 2159 911 2197 sed
939 2159 1077 2198 inanes
1101 2170 1223 2196 voces
1253 2162 1373 2208 atque
1394 2168 1529 2195 sonos.
1581 2155 1681 2194 Nam

341 2220 534 2260 vocabula
575 2219 665 2269 quia
699 2228 834 2254 rernm
874 2219 1053 2254 naturam
1089 2215 1302 2253 imitentur
1351 2217 1394 2252 et
1430 2213 1543 2264 quasi
1583 2212 1682 2251 ima-

338 2281 436 2331 ‚gine
474 2277 605 2327 aliqua
642 2274 886 2323 exprimant,
927 2271 1077 2310 nullum
1119 2283 1265 2310 nomen
1300 2282 1515 2322 perperam
1561 2269 1684 2308 tribui

339 2336 526 2386 *cuiquam
577 2331 638 2370 rei
675 2342 823 2381 posse,
870 2329 926 2367 ita
974 2333 1019 2367 ut
1057 2329 1186 2367 omnis
1227 2328 1388 2367 exclusa
1421 2328 1474 2366 sit
1513 2327 1683 2365 attribu-

339 2393 467 2435 tionis
506 2391 618 2428 sraus
655 2392 934 2437 atque-error.
997 2385 1072 2425 Cui
1112 2385 1335 2436 respondet
1363 2385 1569 2423 Socrates:
1599 2382 1682 2420 Er-

344 2461 451 2502 gone
479 2451 524 2486 tu
553 2446 672 2484 etiam
703 2456 844 2485 censes
874 2443 1074 2482 neminem
1103 2443 1264 2484 mentiri
1293 2454 1416 2493 posse
1444 2445 1488 2480 et
1517 2439 1684 2478 errare?

339 2502 465 2559 'Quod
486 2504 554 2543 ubi
585 2501 784 2552 Cratylus,
814 2500 1059 2550 Protagorae
1087 2499 1191 2553 haud
1219 2499 1339 2538 dubie
1368 2502 1530 2538 secutus
1559 2497 1684 2534 ratio-

348 2577 462 2612 nem,
492 2559 595 2601 hand
627 2561 860 2596 cunctanter
887 2557 1125 2605 affirmavit,
1165 2556 1355 2596 Socrates
1389 2555 1490 2594 hano
1521 2557 1684 2593 senten-

348 2623 445 2662 tiam
496 2616 645 2657 erroris
683 2627 905 2666 coarguere
943 2614 1130 2653 instituit.
1199 2612 1358 2661 Verba,
1398 2612 1544 2663 inquit,
1595 2614 1688 2650 sunt

348 2690 484 2719 rerum
527 2676 707 2727 picturae
742 2671 932 2726 quaedam
946 2684 965 2725 :s
1004 2671 1082 2709 iam
1116 2682 1211 2709 vero
1249 2671 1354 2709 sicut
1389 2668 1574 2709 accidere
1610 2666 1712 2718 po-‚Q

350 2739 456 2782 test,
494 2737 539 2772 ut
580 2730 666 2783 quis
694 2729 767 2766 viri
796 2729 1007 2779 imaginem
1038 2739 1112 2782 pro
1142 2727 1312 2779 imagine
1341 2726 1515 2765 feminae
1542 2724 1690 2763 habeat

352 2798 396 2832 et
423 2790 618 2837 vicissim,
646 2787 700 2826 ita
731 2785 850 2826 etiam
880 2797 1051 2834 nomen,
1093 2777 1394 2836 quod'huiusce
1422 2783 1483 2822 rei
1512 2783 1586 2821 vim
1617 2793 1690 2819 ex-
