1742 2970
241 731 282 771 D

324 159 434 240 352¹
717 195 1181 242 ALCIBIADES
1213 197 1271 239 11.

423 320 527 361 AA.
595 315 724 360 Ἀλλὰ
773 314 825 360 σὺ
871 321 972 372 μὲν,
1020 310 1050 358 ὦ
1099 315 1360 370 Σώκρατες,
1403 315 1676 373 μαινόμενον
1728 332 1732 335 ’

324 381 576 440 ἄνθρωπον
612 384 806 438 εἴρηκας·
857 386 946 426 ἐπεὶ
990 386 1054 433 τίς
1095 381 1153 425 ἄν
1200 398 1268 425 σοι
1307 386 1423 426 δοκεῖ
1457 387 1675 440 τολμῆσαι

325 450 531 504 ὑγιαίνων
567 450 740 495 τοιαῦτ’
784 449 1025 503 εὔξασθαι,-

424 517 535 579 Cap.
574 516 630 561 H.
704 518 806 560 ΣΩ.
884 517 943 559 Τὸ
991 519 1235 571 μαίνεσθαι
1285 509 1373 571 ἆρα
1411 514 1676 560 ὑπεναντίον

324 600 396 628 σοι
433 590 548 630 δοκεῖ
583 588 642 641 τῷ
682 586 894 643 φρονεῖνζ

429 658 528 696 ΑΛ.
606 652 736 695 Πάνυ
771 655 852 707 μὲν
887 646 980 695 οὖν.
1491 679 1494 682 »

428 721 532 763 ΣΩ.
595 717 816 777 ”Αε[ρονες
851 722 894 761 δὲ
932 722 1002 761 καὶ
1026 717 1240 778 φρόνιμοι
1262 721 1470 764 δοκοῦσιν
1491 715 1676 773 ἅνθρω-

325 802 406 831 ποι
438 787 548 830 εἶναι’
583 791 694 836 τινές
726 800 822 837 σοις

427 856 530 896 AA.
606 852 730 895 Εἶναι
764 857 924 908 μέντοι.

425 920 531 963 ΣΩ.
580 922 716 975 -ψέρε
756 918 831 970 δή,
869 917 1239 977 ἐπισκεψώμεθα,
1277 922 1387 969 τίνες
1421 920 1524 963 ποτ’
1569 922 1675 964 εἰσὶν

323 981 463 1030 οὗτοι.
498 985 569 1030 ὅτι
603 989 682 1039 μὲν
719 984 803 1041 γάρ
841 989 920 1041 ξὶσί
967 1002 1103 1036 τινες,
1149 982 1440 1041 ὡμολόγηται,
1485 983 1676 1046 ἄφρονές

323 1071 365 1096 τε
402 1056 474 1096 καὶ
505 1053 741 1110 φρόνιμοι,
778 1055 847 1095 καὶ
884 1054 1143 1108 μαινόμενοι
1181 1055 1334 1106 ἕτεροι.

422 1121 530 1164 ΑΛ.
596 1118 893 1175 “Ωμολόγήται
933 1118 1031 1175 γάρ.

422 1187 526 1230 ΣΩ.
585 1186 676 1229 ”Eri
715 1189 758 1229 δὲ
797 1185 1068 1240 ὑγιαίνοντὲς
1106 1189 1186 1229 εἰσί
1222 1201 1355 1236 τινες-ς

408 1362 547 1397 ταῦιά
581 1376 624 1396 τε
656 1362 783 1405 ἒξετ.]
817 1374 852 1394 τε
879 1362 1073 1396 om.130‹n.
1103 1362 1180 1394 Vat.
1209 1362 1290 1395 Ven.
1321 1361 1361 1394 Π.
1390 1333 1557 1404 probante
1584 1362 1672 1397 Her-

317 1420 472 1490 manzo&
513 1455 560 1487 ἂν
603 1467 670 1486 σοι
702 1454 831 1486 δοκεῖ
861 1453 1098 1497 τολμῆσαι]
1132 1453 1282 1486 Soloece
1315 1458 1397 1486 vett.
1435 1452 1534 1486 editt.
1568 1454 1668 1497 δοκῇς

317 1512 393 1534 nam
427 1501 470 1533 ὃν
500 1501 648 1543 pertinet
683 1499 725 1532 ad
757 1500 980 1541 infinitivum,
1014 1509 1076 1532 nec
1106 1499 1324 1532 coniunctivo
1358 1500 1448 1532 ullus
1477 1500 1576 1532 locu·
1606 1505 1670 1534 est.

318 1548 429 1580 Recte
459 1547 560 1580 Bodt.
580 1546 670 1586 *Vat.
704 1546 793 1578 Ven.
827 1545 868 1580 Π.
905 1547 982 1578 Par.
1020 1545 1100 1579 BG.
1137 1547 1222 1586 Ang-
1257 1554 1287 1578 v·
1322 1544 1414 1578 Flor.
1447 1545 1479 1578 b.
1505 1545 1539 1580 d.
1568 1546 1670 1580 δοκεῖ.

318 1593 549 1682 Επεᾳιιξηῑεηι
577 1603 654 1625 esse
679 1590 764 1624 hunc
795 1593 984 1624 scribarum
1018 1601 1168 1624 errorem
1196 1590 1310 1622 disces
1335 1601 1356 1623 a
1381 1589 1568 1626 Schaefero
1586 1591 1670 1625 Me-

316 1641 388 1672 iett.
451 1639 538 1673 .6Ο.
570 1637 722 1671 Boeckh.
755 1638 786 1669 in
819 1638 901 1672 Min.
937 1648 969 1680 p.
1001 1637 1075 1672 142.
1106 1636 1195 1669 conf.
1223 1647 1255 1678 p.
1282 1636 1359 1671 139.
1392 1636 1433 1670 E.
1463 1647 1496 1679 p·
1524 1637 1599 1674 ¹43.
1630 1639 1670 1672 Ι).

316 1683 820 1741 p141.A..Bp.t50E.

408 1730 557 1773 Cap.11.
615 1725 698 1770 apo?
732 1740 773 1770 γε
812 1728 1096 1772 ὑπεναντίον]
1132 1739 1169 1770 γε
1200 1728 1302 1767 vuigo
1337 1728 1576 1771 interpositum
1608 1728 1669 1763 de—

315 1776 380 1809 levi
407 1776 613 1809 auctoritate
648 1774 752 1808 Bodl.
783 1775 856 1808 vat.
884 1776 972 1809 Ven.
1001 1774 1041 1807 Π.
1081 1774 1246 1817 probante
1275 1772 1486 1813 Schneidero
1517 1775 1578 1808 ad.
1595 1777 1668 1809 Xe—
1715 1806 1727 1814 ‚

315 1910 549 1954 superioribus
582 1909 686 1941 facile
721 1909 959 1952 intelligendas

314 1956 451 1989 silentio
476 1955 689 1988 transmittit.
737 1955 834 1988 Nunc
858 1955 959 1988 intel-

315 2003 434 2043 ligitur
485 2002 613 2034 beiium
657 2005 788 2042 septem
835 2000 958 2034 ducum

314 2047 482 2080 adversus
525 2047 711 2080 Thebanos
758 2051 793 2078 et
840 2051 958 2080 mutua

315 2093 457 2128 fratrum
486 2093 624 2126 caedes.
674 2092 802 2124 Similis
828 2092 957 2124 formu-

317 2141 368 2170 lae
386 2148 468 2170 usus
487 2140 656 2171 notandus
671 2137 755 2169 infra
771 2148 803 2179 p.
827 2138 901 2182 140.
915 2138 956 2169 B.

331 2227 581 2269 4τολμῆσαι,
619 2227 825 2270 ὑγιαίνων
870 2241 955 2261 τοι-

315 2272 409 2305 αῦτ’
440 2272 708 2315 εὔξασθαις]
745 2274 843 2315 quis
876 2275 956 2307 tibi

315 2318 489 2351 videtur
538 2318 615 2352 hoc
663 2330 682 2351 a
730 2329 776 2351 se
820 2330 956 2362 posse

314 2366 573 2407 impetrare,
604 2369 650 2397 ut
679 2374 781 2397 sana
815 2370 955 2399 mente

312 2409 551 2452 praeditus
585 2411 695 2444 tatia
722 2411 955 2453 precetur?

312 2455 400 2489 Nam
433 2455 566 2497 τολμᾶν
598 2467 705 2498 saepe
738 2460 791 2488 est
824 2459 953 2490 susti-

314 2511 436 2541 nere,
461 2502 825 2543 aseimpetrare.
855 2513 886 2536 v.
913 2503 955 2536 ad

313 2547 466 2589 Apolog.
504 2556 537 2588 Ρ.
580 2547 634 2582 39.
668 2549 708 2580 Α.
746 2547 883 2581 Menex.
923 2560 955 2592 p.

312 2593 392 2627 245.
435 2593 475 2625 C.
538 2592 623 2626 Dein
663 2593 824 2636 displicet
861 2594 953 2627 istud

313 2637 537 2679 υπεναντίον,
568 2648 670 2693 quum
706 2648 854 2680 sequens
880 2640 950 2673 dis-

313 2684 449 2726 putatio
482 2694 525 2717 eo
554 2684 741 2726 pertineat,
783 2689 822 2716 ut
858 2685 952 2718 furo—

312 2740 383 2761 rem
421 2729 588 2763 doceatur
634 2730 824 2773 sapientiae
872 2741 951 2764 esse

312 2775 534 2808 contrarium.
579 2777 843 2819 Argumentatur
859 2777 948 2810 enim

1028 1910 1194 1942 Socrates
1219 1909 1283 1942 ita:
1309 1909 1441 1943 insania
1461 1910 1665 1954 prudentiae

1029 1960 1080 1988 est
1121 1955 1297 1998 opposita:
1348 1955 1666 1997 eidemcontraria

1028 2002 1132 2034 etiam
1151 2001 1379 2043 imprudentia
1405 2006 1476 2035 est:
1501 2004 1566 2036 iam
1583 2013 1665 2036 vero

1028 2047 1209 2089 prudentia
1247 2051 1282 2079 ct
1322 2047 1550 2089 imprudentia
1581 2047 1663 2091 ἀμέ-

1027 2105 1110 2132 οως,
1145 2091 1237 2134 quod
1267 2102 1330 2125 nos
1355 2092 1499 2127 dicimus
1523 2094 1664 2127 imme-

1027 2138 1166 2177 diate,
1197 2143 1432 2179 opponuntur:
1469 2149 1552 2182 ergo
1583 2139 1663 2172 nini!

1025 2183 1118 2216 aliud
1167 2183 1371 2226 prudentiae
1422 2188 1541 2227 potest
1587 2186 1665 2219 e'nse

1025 2230 1252 2271 contrarium:
1277 2239 1320 2261 ex
1345 2239 1415 2271 quo
1431 2231 1662 2273 consequitur,

1025 2279 1062 2307 ut
1094 2275 1322 2316 imprudentia
1354 2276 1396 2307 ab
1429 2276 1561 2313 insania
1584 2275 1661 2310 nihii

1026 2319 1180 2360 differat,
1213 2330 1404 2362 omnesque
1429 2321 1663 2363 imprudentes

1025 2376 1088 2408 pro
1123 2366 1250 2398 insanis
1283 2365 1427 2399 habendi
1458 2367 1534 2400 nint.
1593 2366 1661 2400 lta-

1024 2421 1090 2452 que
1117 2412 1222 2444 totius
1248 2413 1563 2454 argumentationis
1578 2422 1662 2446 con-

1026 2457 1101 2490 silio
1128 2457 1385 2491 convenientius
1409 2461 1484 2491 erat
1508 2459 1662 2490 ἐναντίον

1025 2503 1142 2544 potius
1174 2513 1274 2545 quam
1301 2501 1501 2538 ὑπεναντίον
1531 2503 1660 2545 dicere,

1023 2547 1085 2580 nisi
1111 2547 1200 2582 forte
1225 2558 1302 2581 cum
1336 2548 1433 2582 bonis
1460 2549 1660 2591 grammati-

1022 2595 1072 2627 cis
1098 2594 1201 2627 verba
1230 2594 1420 2636 composita
1451 2605 1469 2626 a
1497 2594 1659 2638 simplici-

1022 2639 1087 2672 bus
1119 2640 1208 2672 nulla
1239 2640 1304 2673 alia
1335 2650 1372 2673 re
1411 2638 1549 2674 differre
1588 2643 1658 2678 sta-

1021 2685 1131 2718 tueris
1174 2685 1238 2717 nisi
1278 2695 1339 2725 eo,
1374 2684 1465 2726 quod
1505 2685 1658 2727 pluribus

1020 2731 1160 2775 syiiabis
1179 2734 1348 2764 constent.
1378 2730 1571 2772 Repentina
1595 2740 1657 2764 au-

1020 2779 1086 2810 tem
1126 2778 1209 2809 haec
1248 2775 1474 2817 interrogatio
1524 2785 1569 2810 ne
1607 2776 1657 2811 ni·
