1702 2950
551 978 1016 1041 PROLEGOMENA

763 1105 809 1137 ad

254 1168 1340 1262 triennarum..

97 1393 340 1486 Socratem
369 1436 544 1474 constat
571 1430 751 1474 virtutis
779 1431 869 1473 vim
915 1437 959 1474 et
990 1437 1193 1476 naturam
1226 1434 1288 1476 ita
1321 1433 1465 1475 decla-

93 1485 279 1542 ravisse‚
307 1487 482 1538 ut‘eius
509 1493 733 1545 tamquam
755 1489 1175 1532 consummationem
1205 1491 1250 1533 in
1282 1492 1467 1534 seientia

94 1541 283 1602 positam
321 1558 418 1588 esse
457 1544 623 1588 diceret
653 1546 707 1601 *).
781 1543 917 1599 Quod
961 1546 1139 1602 quidem
1182 1549 1321 1606 ipsius
1354 1548 1468 1591 iudi-

93 1599 210 1644 cium
246 1599 513 1658 quamquam
563 1603 666 1646 olim
721 1603 908 1645 multum
960 1603 1211 1647 dubitatum
1261 1612 1328 1648 est
1377 1622 1465 1662 quo

93 1659 227 1701 sen's'u
257 1665 376 1711 esset
399 1659 737 1717 accipiendum,
783 1665 925 1702 tamen
955 1660 1088 1703 hodie
1119 1662 1312 1717 quidem,
1347 1664 1467 1718 quis-

92 1712 201 1772 quis>
233 1716 301 1758 est
341 1715 401 1771 ab
438 1716 625 1760 historia
663 1716 973 1774 philosophiae
1003 1718 1152 1774 paullo
1194 1720 1464 1773 instructior,

91 1770 508 1829 minimc'dubitat‚
542 1774 650 1831 quin
678 1773 747 1816 vir
776 1775 1128 1832 sapientissimus
1161 1793 1259 1819 eum
1292 1777 1467 1819 demum

90 1826 267 1880 virtutis
304 1829 436 1874 laude
475 1830 659 1890 dignum
690 1846 788 1874 esse
808 1831 1084 1886 iudicaverit,
1118 1834 1192 1888 qui
1222 1834 1267 1876 in
1294 1834 1465 1891 agendo

89 1898 180 1928 non
217 1886 400 1930 fortuito
439 1902 545 1930 casu
579 1894 655 1930 aut
694 1902 827 1930 coeco
867 1889 1001 1930 animi
1032 1889 1202 1944 impetu
1234 1889 1467 1932 duceretur

93 1940 175 1982 sed
216 1955 263 1983 re
297 1946 443 1984 eretur
492 1943 643 1999 potius
691 1943 862 1986 ratione
914 1950 1045 1998 atque
1093 1946 1303 1988 interiore
1355 1961 1462 2001 qun—

94 1993 195 2038 dam
240 1955 552 2056 pffiilosophiae
604 1999 893 2055 persuasione
936 2000 1118 2055 verique
1173 2002 1461 2055 conscientia,

97 2067 228 2109 quam
274 2054 416 2113 ipsam
462 2059 711 2112 ἐπιστημης
760 2056 936 2099 nomine
995 2057 1318 2115 insigniendam
1376 2065 1465 2102 sta-

94 2109 181 2152 tuit
204 2110 299 2168 ''*).
382 2110 562 2172 Quippe
582 2113 780 2169 ‘primns
823 2113 897 2155 ille
948 2124 1261 2170 perspexerat,
1322 2117 1465 2159 scien-

91 2165 200 2210 tiam
233 2168 411 2212 nomine
451 2175 532 2214 Suo
587 2169 767 2228 dignam
807 2185 890 2213 nec
934 2171 1134 2214 sensibus
1173 2174 1344 2229 percipi
1384 2187 1464 2216 nec

92 2238 237 2267 rerum
265 2232 543 2270 externarum
565 2243 651 2270 usu
691 2233 737 2270 et
767 2228 1077 2271 observatione
1120 2230 1289 2286 acquiri
1321 2246 1462 2286 neque

94 2281 366 2327 extrinsecus
423 2281 593 2327 homini
652 2285 810 2339 obiici,
879 2285 958 2327 sed
1032 2284 1175 2329 intus*
1211 2288 1356 2329 inesse
1415 2288 1464 2329 ‘in

92 2337 191 2394 ipsa
241 2340 455 2396 cuiusque
493 2345 667 2384 -mente
739 2347 870 2397 atque
927 2343 1141 2385 contineri
1211 2345 1464 2387 notionibus

92 2395 236 2438 animo
267 2400 386 2448 recte
417 2397 711 2454 distincteque
730 2399 992 2450 informatis,
1026 2401 1256 2456 quaelicet
1274 2402 1464 2458 primum

93 2459 239 2495 essent
267 2454 460 2498 tenebris
490 2455 750 2498 inscientiae
772 2456 1022 2511 obvolutae,
1056 2463 1202 2500 tamen
1224 2458 1463 2516 cogitando

93 2514 227 2575 atque
266 2509 518 2554 meditando
560 2512 616 2554 ad
659 2512 869 2555 scientiae
908 2519 953 2556 et
995 2515 1262 2572 cognitionis
1294 2516 1464 2572 perspi-

92 2571 298 2610 cultatem
329 2568 537 2625 explicari
564 2576 760 2626 possent.

160 2703 191 2743 *)
220 2679 259 2735 V.
283 2713 364 2736 ann.
396 2705 452 2736 ad·
479 2705 586 2749 ffipp.
612 2707 695 2738 min.
722 2718 754 2749 p.
781 2705 860 2742 374.
888 2708 933 2740 D.

138 2770 188 2806 ”5
216 2772 255 2802 V.
280 2770 487 2806 Brundis.
514 2773 606 2808 Mus.
632 2775 745 2808 Rhon.
774 2775 814 2807 T.
842 2775 870 2808 I.
898 2786 930 2818 p.
963 2776 1028 2811 130
1054 2788 1125 2820 sqq.
