1754 2964
340 202 418 242 112
725 194 1212 240 PROLEGOMENA
1243 195 1297 237 ad

338 312 478 365 ditus,
536 311 719 353 fortasse
760 308 806 351 id
856 309 939 352 sibi
990 309 1206 366 agendum
1267 309 1458 366 putavit,
1509 315 1585 355 nt.
1608 309 1687 352 ho·

336 369 506 410 minem
536 373 579 408 et
621 366 797 409 doctum
857 372 900 408 et
939 371 1112 408 acutum
1162 372 1205 408 et
1258 366 1338 409 sibi
1385 370 1689 422 *cognatnmva

337 424 630 480 sophistarum
695 422 986 479 familiaritate
1046 429 1263 465 avocaret.
1352 421 1487 476 Quod
1511 461 1515 464 Δ
1541 427 1688 466 tamen

336 481 443 522 nihil
491 480 710 536 impediit,
736 520 738 522 ,
768 479 998 534 quominus
1038 478 1245 533 eundem,
1295 485 1449 535 utpote
1499 477 1690 522 Socrati-

338 538 399 579 cis
441 535 811 592 disputationibus
850 535 1089 588 eruditum,
1137 536 1182 577 in
1230 536 1352 578 libris
1400 535 1690 592 postea-'soris

336 594 422 650 ptis
477 594 559 635 alia
607 592 854 636 conditione
904 593 1067 635 faceret
1130 593 1462 647 colloquentem.
1540 591 1602 634 Et
1640 591 1692 634 in

337 666 388 692 ea
426 650 624 705 quidem,
666 665 776 704 quae
808 649 1026 703 sequitur,
1068 648 1374 705 disputationis
1398 653 1527 706 -parte
1556 649 1692 704 mani-

338 708 497 748 festum
538 716 606 748 est
638 722 735 748 eum
774 704 906 748 rideri
945 711 1122 762 propter
1162 705 1339 747 nimium
1380 703 1692 761 vocabulorum

339 762 747 819 distinguendorum
779 761 1005 816 studium,
1033 763 1103 804 cui
1145 777 1198 804 se
1222 760 1410 804 Prodico
1440 761 1550 809 duce
1582 760 1692 804 adeo

338 819 559 873 dedisset,
601 826 650 862 ut
687 834 792 884 prae
838 819 1103 875 argutiarum
1133 819 1379 874 captatione
1411 817 1514 874 quid
1544 833 1693 860 verum

339 882 456 918 esset
494 891 582 917 non
626 874 970 927 ,animadvertere
1007 874 1240 916 videretur.
1303 875 1466 931 ,Itaque
1510 874 1579 917 sic
1629 874 1694 917 lo·-

339 947 475 986 quens
515 931 760 985 inducitur,
795 937 844 983 ut
874 939 919 973 se'
951 947 1003 972 ex
1037 930 1585 987 difficultatib»us„quibus
1615 931 1692 974 ob*

339 988 516 1030 strictus
547 994 735 1041 tenetur,
768 986 1108 1042 haudquaquam
1140 986 1344 1043 expedire
1413 988 1535 1041 neat,
1567 986 1695 1044 ,quod

337 1044 451 1097 idem
490 1045 533 1086 in
571 1045 760 1101 Hippia,
792 1043 983 1101 Lyside,
1016 1043 1237 1098 Lachete,
1269 1044 1364 1099 aliis
1426 1041 1606 1102 ialogis,
1639 1044 1696 1087 si-

341 1101 499 1145 militer
530 1107 596 1143 est
625 1101 885 1143 institutum.
1321 1106 1323 1109 ’
1390 1151 1392 1153 ‚
1462 1104 1473 1154 ‘f

452 1157 618 1199 Audita
664 1158 775 1198 enim
815 1157 889 1198 illa
922 1157 1232 1221 temperantiae
1263 1156 1538 1212 definitioile',
1571 1156 1694 1209 ouius

339 1220 562 1268 postremo
603 1212 859 1256 Charmides
899 1219 1161 1256 mentlonem
1192 1214 1309 1268 fecit,
1340 1213 1544 1262 Socrates
1571 1210 1694 1268 istud

339 1285 470 1312 suas
500 1286 585 1312 res
617 1285 783 1327 agere
815 1269 1048 1311 admodum
1088 1268 1200 1312 ambi
1215 1286 1290 1312 rue
1320 1269 1406 1312 dici
1436 1267 1626 1326 menet‘2‘·
1645 1275 1695 1311 ut

343 1327 577 1384 aenigmati
608 1326 747 1368 simile
778 1341 871 1368 esse
901 1325 1113 1368 videatur.
1171 1287 1293 1368 Niam·
1310 1326 1495 1383 primum
1519 1325 1694 1382 quidem

344 1384 668 1440 grammatistae
707 1382 905 1438 exemplo
945 1388 1092 1438 patere
1123 1382 1197 1438 ait,
1229 1398 1357 1439 posse
1389 1378 1693 1440 quemrutique

339 1437 553 1495 σώφρονα
571 1454 682 1494 esse,
714 1438 880 1481 etiamsi
907 1454 994 1481 non
1013 1453 1093 1481 sua
1121 1443 1289 1482 tantum
1309 1438 1388 1482 sed
1407 1439 1537 1482 etiam
1553 1438 1694 1481 aliena

338 1496 483 1550 faciat,
517 1495 870 1552 quandoquidem
899 1495 970 1538 ille
1000 1511 1086 1553 non
1115 1495 1256 1538 solum
1291 1507 1416 1546 suum
1445 1495 1584 1554 ipsius
1614 1511 1692 1553 no<-

338 1567 436 1594 men
475 1553 635 1597 scribat
672 1552 740 1594 vel
782 1552 900 1609 legat
939 1557 982 1594 et
1012 1567 1171 1608 pueros
1214 1567 1388 1608 quoque
1426 1555 1530 1607 no‘n*
1551 1551 1694 1598 minus

338 1609 520 1650 aliorum
588 1624 687 1651 uam
729 1624 807 1651 sua
846 1608 1022 1650 nomina
1053 1608 1240 1651 scribere
1275 1615 1319 1651 et
1348 1608 1493 1666 legere
1522 1607 1692 1662 doceat.

338 1664 509 1707 Deinde
538 1665 552 1706 i
586 1681 653 1707 em
683 1665 811 1707 etiam
839 1665 883 1706 in
904 1665 1129 1721 republica
1160 1671 1203 1707 et
1232 1665 1420 1723 negotiis
1439 1664 1585 1708 valere
1615 1665 1690 1719 ait,

340 1721 692 1777 quandoquidem
724 1721 844 1763 nulla
875 1721 1028 1764 civitas
1061 1721 1297 1764 consistere
1327 1721 1492 1778 possit,
1531 1721 1577 1763 in
1608 1736 1694 1777 qua

339 1778 455 1820 cives
494 1793 573 1821 sua
610 1783 779 1820 tantum
819 1777 1017 1832 faciant,
1036 1793 1116 1820 sua
1144 1778 1226 1821 sibi
1258 1784 1408 1830 vestes·
1445 1777 1693 1832 conficiant,

338 1849 439 1877 suos
471 1834 640 1877 calceos
672 1841 822 1888 suant,
867 1849 946 1876 sua·
974 1834 1102 1876 unice
1132 1844 1315 1876 munera·
1340 1832 1513 1877 obeant.
1573 1832 1696 1888 Quo-

339 1891 453 1932 circa
492 1892 754 1947 suspicatur
781 1889 988 1945 Critiam,
1037 1895 1112 1932 aut
1149 1891 1347 1946 quisquis
1385 1890 1516 1939 fuerit
1537 1897 1696 1947 auctor

338 1946 467 1989 huius
509 1948 776 2001 sententiae,
826 1947 1011 1990 fortasse
1049 1947 1191 2003 ipsum
1229 1947 1523 2013 ignoravisse,
1542 1952 1696 2002 J'quae-

337 2018 434 2045 nam
476 2003 578 2045 huic
617 2004 827 2046 formulae
858 2004 940 2046 vis‘
963 2009 1007 2045 et
1039 2003 1302 2060 significatio·
1330 2002 1598 2050 subiicienda
1628 2017 1696 2045 es-

297 2075 299 2078 ·
338 2065 407 2101 set
435 2060 492 2115 *).
554 2058 653 2112 Quo
696 2059 869 2114 quidem
909 2058 1103 2102 Socratis
1146 2059 1263 2102 dicto
1302 2057 1470 2106 Critias·
1499 2058 1698 2116 *graviter

337 2115 592 2169 lacessitus,
624 2131 678 2157 ne
710 2131 884 2158 causam
916 2130 1038 2157 suam
1054 2114 1315 2158 ,deseruisse
1346 2114 1548 2166 videatur
1593 2130 1695 2180 pro-

338 2177 466 2213 tenus
498 2186 542 2213 se
575 2171 765 2213 sermoni
794 2172 1017 2214 immiscet.
1078 2170 1281 2228 Suscipit,
1304 2177 1447 2217 autem
1478 2170 1540 2221 de.
1566 2176 1696 2226 nitio·-

337 2227 403 2269 nis
441 2227 555 2270 illius
597 2227 890 2283 patrocinium
920 2243 970 2270 ea
1000 2227 1188 2282 ratione,
1235 2233 1283 2270 ut
1311 2228 1426 2270 inter
1463 2226 1534 2282 id',
1576 2226 1695 2283 quod

337 2283 527 2325 facere
572 2284 778 2339 (ποιεῖν)
821 2290 952 2338 atque
1003 2298 1167 2340 agere
1207 2283 1477 2340 (πράττειν)
1508 2283 1695 2340 dicatur,

337 2338 570 2382 discrimen
601 2345 776 2385 statuat.
836 2340 984 2396 Negat
1013 2340 1146 2396 igitur
1177 2356 1202 2382 a
1253 2355 1344 2382 ere
1373 2354 1453 2382 nos
1484 2351 1551 2394 ea,
1574 2344 1694 2395 vquae

337 2395 425 2438 sint
453 2396 657 2447 aliorum;
690 2396 707 2437 f
718 2411 903 2450 acere,
937 2395 1152 2438 concedit.
1212 2355 1420 2450 &namin
1440 2395 1695 2439 remetitur

336 2451 586 2495 testimonio
645 2451 855 2505 Hesiodi,
899 2452 975 2507 qui
1005 2467 1116 2508 quae
1146 2452 1327 2495 honeste
1357 2452 1465 2495 fiant
1487 2450 1696 2506 afferant—

337 2509 422 2563 que
460 2505 715 2563 utilitatem,
759 2523 929 2564 opera
970 2514 1013 2550 et
1054 2508 1312 2552 actiones
1344 2507 1551 2564 appellet3
1584 2520 1695 2562 quae

338 2570 481 2607 autem
511 2564 699 2607 habeant
729 2565 917 2619 aliquam
946 2565 1015 2607 vel
1045 2565 1329 2621 turpitudinis
1353 2565 1423 2606 vel
1446 2563 1695 2606 inutilitatis

406 2747 442 2788 r)
469 2748 509 2779 P.
539 2728 685 2781 fingi,
721 2765 751 2768 —
780 2745 856 2779 162.
888 2747 927 2778 A.
