1754 2964
317 220 369 264 12
701 215 1186 262 PROLEGOMENA
1217 216 1273 259 ad

314 332 470 390 plicem
495 332 770 388 persequitur
800 330 1070 388 ὁπλομαχίας
1098 329 1355 384 utilitatem,
1387 329 1662 383 euiuslexer-

314 390 568 432 citationem
586 388 822 431 arbitratur
841 388 1027 445 primum
1048 386 1248 443 a'turpis'
1262 385 1503 443 voluptatis
1518 383 1665 442 antu

312 445 566 502 prohibere3
618 444 775 487 deinde
826 460 902 488 cor
936 445 1023 488 oris
1070 444 1186 488 vires
1228 457 1388 501 augere
1417 447 1463 486 et
1503 442 1664 494 0er-

313 516 454 553 mare3
488 507 581 544 tum
627 500 842 544 hominem
870 462 1092 559 liberalem
1120 505 1164 543 et
1191 499 1430 557 ingenuum
1457 513 1547 542 non
1576 511 1667 545 mab,

312 558 381 616 gis
426 572 556 614 quam
597 557 820 613 equitandi
861 563 996 600 artem
1034 556 1268 608 dedecere3
1308 555 1498 612 denique
1537 554 1668 606 etiam

313 615 359 657 in
381 615 558 671 proeliis
586 615 707 657 varia
736 613 889 657 afferre
920 613 1147 658 commoda
1176 619 1221 656 et
1248 612 1473 656 utilitates.
1531 611 1670 656 Prae«

311 679 432 714 terea
471 671 590 714 illam
627 677 778 714 censet
816 671 947 714 etiam
985 671 1166 714 aliarum
1206 670 1365 712 artium
1401 666 1668 713 desiderium

312 743 444 793 posse
476 728 681 783 excitare,
712 728 750 770 si
780 727 957 783 quidem
986 727 1062 782 qui
1091 726 1220 770 armis
1259 725 1413 769 ludere
1451 723 1668 775 didicerit,

313 799 351 827 is
382 784 512 827 etiam
551 784 661 828 aciei
698 784 977 827 collocandae
1018 783 1202 826 artificio
1234 782 1419 838 aliisque
1448 781 1581 828 rebus
1609 780 1670 823 si-

312 841 488 883 milibus
518 841 680 898 optime
711 856 887 897 operam
918 841 976 883 sit
1006 840 1202 883 daturus.
1262 838 1410 897 Caput
1429 844 1574 882 autem
1601 836 1673 880 to-'

312 897 402 939 tius
432 897 497 939 rei
526 898 571 939 in
600 913 650 940 eo
685 912 782 939 esse
809 898 1058 951 arbitratur,
1090 895 1214 952 quod
1232 895 1520 952 ὁπλομαχίας
1546 908 1670 945 exer-

313 952 465 995 citatio
496 953 686 995 animum
717 953 875 996 fortem
904 968 955 995 ac
977 954 1144 996 virilem
1163 953 1223 995 sit
1257 951 1484 1006 effectura,
1503 950 1672 1008 ipsum·
1734 997 1749 1003 ,

313 1024 399 1064 que
430 1009 626 1066 corporis
664 1008 862 1052 habitum
889 1007 1117 1051 redditura
1133 1056 1135 1058 ,
1152 1008 1283 1050 talem
1296 1040 1311 1064 ,
1353 1008 1432 1064 qui
1470 1007 1672 1062 hostibus

312 1066 411 1120 ipso
442 1065 658 1121 adspectu
687 1071 852 1108 metum
881 1066 1061 1108 iniicere
1091 1070 1236 1121 queat.
1482 1098 1485 1100 -

425 1132 499 1176 Ab
537 1132 666 1176 huius
706 1138 849 1175 autem
898 1132 1117 1176 sententia
1165 1132 1222 1174 ali
1255 1136 1437 1174 uantum
1482 1129 1674 1174 vdiscedit

312 1188 500 1232 Laches.
572 1188 663 1243 Qui
704 1188 978 1246 ὁπλομαχίας
1023 1204 1153 1232 usum
1190 1188 1327 1231 ulum
1377 1201 1473 1231 esse
1516 1191 1671 1244 negat.

315 1245 450 1299 Quod
487 1245 697 1289 iudicium
734 1245 922 1302 primum
952 1246 1182 1289 confirmat
1222 1243 1674 1288 Lacedaemoniorum

313 1318 432 1345 more
464 1308 507 1345 et
534 1302 755 1356 instituto,
786 1302 862 1357 qui
892 1303 974 1345 etsi
1005 1318 1151 1345 rerum
1180 1300 1434 1349 bellicarum
1463 1299 1553 1343 sint
1580 1305 1674 1343 stu-.

315 1359 548 1402 diosissimi
562 1391 575 1414 ,
606 1366 751 1401 tamen
780 1359 898 1401 illam
930 1364 1066 1401 artem
1092 1358 1269 1401 minime
1299 1371 1451 1400 curare
1480 1355 1672 1407 solearum

315 1415 475 1458 deinde
507 1416 635 1458 etiam
666 1431 717 1459 eo
748 1421 912 1470 tuetur,
946 1415 1066 1471 quod
1095 1415 1240 1457 nullus
1271 1413 1376 1457 dum
1416 1411 1674 1469 ὁπλομάχος

314 1472 430 1515 bello
462 1473 604 1515 clarus
634 1473 821 1515 evaserit
848 1472 1047 1527 adeoque
1076 1471 1173 1527 ipse
1202 1469 1560 1526 illeStesilaus,
1577 1483 1674 1512 sese

315 1529 612 1584 inspectante,
653 1529 756 1571 olim
794 1529 840 1571 in
879 1544 1030 1594 pugna
1067 1528 1211 1571 navali
1240 1533 1289 1569 tu
1344 1526 1492 1570 issime
1521 1541 1568 1569 se
1596 1524 1674 1568 de-

316 1585 442 1631 derit.
503 1584 723 1639 Quocirca
764 1600 818 1628 ne
864 1584 1168 1628 fortitudinem
1214 1584 1290 1640 qui
1323 1599 1391 1626 em
1440 1583 1676 1637 arbitratur

315 1642 430 1684 illius
462 1643 568 1685 artis
598 1657 682 1699 ope
712 1642 955 1698 comparari
985 1642 1055 1684 vel
1085 1641 1395 1699 augerisposse
1423 1640 1484 1695 ²⁸²).

428 1710 524 1752 Iam
564 1725 698 1765 quum
734 1710 798 1752 illi
836 1710 950 1752 inter
988 1724 1034 1752 se
1071 1715 1160 1752 tam
1187 1708 1468 1751 vehementer
1506 1705 1677 1763 dissen-

318 1766 445 1822 tiant,
475 1767 600 1810 ambo
633 1768 858 1811 Socratem
887 1772 1059 1823 rogant,
1090 1771 1140 1808 ut
1176 1780 1303 1808 suum
1331 1765 1446 1806 inter
1479 1769 1583 1806 onat
1609 1763 1676 1806 iu·-

319 1822 495 1866 dicium.
532 1823 722 1876 ¹>Monet
761 1824 896 1880 igitur
938 1823 1010 1866 hic
1052 1827 1152 1865 ante
1193 1821 1338 1865 omnia
1377 1820 1424 1863 in
1484 1819 1583 1862 uius
1613 1819 1678 1861 rei

318 1878 635 1935 disceptatione
677 1879 786 1922 illud
816 1894 912 1923 esse
941 1878 1204 1933 tenendum,
1243 1878 1337 1921 eius
1375 1875 1677 1920 tantummodo

319 1936 582 1978 sententiam
612 1935 791 1992 dignam
821 1951 932 1990 esse,
962 1950 1073 1991 quae
1103 1934 1308 1977 audiatur
1321 1963 1334 1987 ‚
1367 1932 1445 1987 qui
1471 1931 1594 1985 attis,
1623 1930 1678 1973 de

320 2006 408 2045 qua
450 1996 705 2046 quaeratur,
745 1992 914 2047 peritus
953 1992 1036 2042 sit3
1087 1990 1287 2046 peritiam
1328 1993 1473 2031 autem
1521 1991 1575 2029 ex
1625 2001 1676 2029 eo

319 2047 544 2103 cognosci,
577 2046 614 2089 si
645 2047 816 2104 quis‘et
844 2046 1014 2088 idoneis
1043 2044 1260 2102 magistris
1278 2057 1385 2086 usus
1415 2043 1487 2097 sit,
1517 2041 1679 2100 etipse

319 2109 457 2145 artem
477 2118 600 2145 suam
614 2102 759 2158 probe
781 2101 1037 2156 exercuerit,
1063 2107 1107 2143 et
1128 2100 1247 2157 quod
1266 2100 1480 2143 Summum
1499 2098 1573 2152 sit,
1605 2114 1678 2141 ex-

320 2165 503 2201 tremum
522 2159 667 2213 finem,
701 2159 825 2201 cuius
858 2173 989 2203 causa
1019 2173 1070 2200 ea
1110 2161 1374 2210 exerceatur,
1401 2160 1679 2212 perspectum

320 2215 493 2258 habeat.
554 2215 711 2270 Itaque
742 2230 874 2270 nunc,
905 2215 950 2257 in
984 2214 1065 2269 uit,
1098 2229 1232 2269 quum
1267 2213 1545 2268 ὁπλομαχίαν
1576 2226 1679 2255 oen-

322 2287 492 2314 scamus
534 2272 667 2315 animi
714 2272 951 2315 confirman
984 2271 999 2313 i
1046 2285 1180 2313 causa
1219 2268 1433 2318 exerceri,
1461 2277 1677 2326 oportere,

322 2327 616 2383 quaerendum
647 2334 734 2382 est,
776 2328 925 2383 ecquis
959 2337 1154 2371 nostrum
1194 2332 1331 2368 artem
1358 2324 1477 2368 illam
1505 2324 1680 2382 penitus

321 2385 567 2442 perceperit
606 2385 761 2442 peritis
800 2399 906 2428 usus
937 2383 1183 2442 magistris,
1216 2383 1398 2438 eiusque
1430 2379 1681 2425 rei'idonea

322 2440 588 2484 documenta
618 2441 877 2484 exhibuerit.
919 2480 921 2482 .
946 2441 1010 2484 Et
1036 2455 1103 2483 me
1126 2438 1311 2495 quidem
1341 2435 1556 2487 confiteor
1580 2437 1679 2490 nul-

321 2497 410 2539 lum
453 2498 545 2540 eius
590 2512 718 2540 usum
758 2498 976 2540 habuisse.
1035 2497 1242 2545 Fortasse
1281 2501 1424 2538 autem
1454 2489 1608 2539 Nicias
1639 2500 1682 2535 et

321 2552 495 2597 Laches
535 2570 627 2597 eam
661 2554 932 2608 didicerunt,
965 2553 1038 2609 qui
1068 2558 1112 2595 et
1141 2558 1281 2595 aetate
1313 2556 1511 2595 sunt-me
1543 2549 1678 2593 maio-

392 2767 420 2803 *>
450 2765 488 2796 Ρ.
523 2764 594 2801 18].
623 2764 661 2796 1).
695 2783 727 2787 —
766 2764 838 2798 181.
868 2765 906 2795 Ι).
