1742 2970
350 250 373 287 ‘2
386 247 431 286 12
732 238 1221 283 PROLEGOMENA
1253 240 1308 282 ad

347 356 510 398 nomini
549 353 770 410 eripienda
814 353 883 394 sit.
951 352 1066 394 Nam
1103 352 1287 408 primum
1326 342 1695 407 quidems‘reliqua

348 412 492 455 omnia
530 411 575 452 in
614 425 664 452 ea
694 410 892 452 Platonis
922 409 1142 465 ingenium
1171 408 1360 464 spia‘ant,
1392 413 1471 450 aut·
1490 407 1614 449 certe
1643 422 1694 449 eo

346 484 435 511 non
477 472 578 510 sunt
614 466 804 522 indigna.
863 464 1039 506 Deinde
1070 479 1289 520 nunquam
1321 463 1542 520 potuimus
1564 463 1695 506 ‘nobis

347 523 610 582 persuadere
648 522 791 565 omnia
827 521 1024 563 Platonis
1063 535 1195 576 opera
1233 520 1324 562 sine
1365 515 1612 564 discrimine
1640 518 1695 560 ad

348 595 556 624 summam
591 578 869 635 perfectionis
908 576 1078 619 laudem
1116 577 1250 619 fuisse
1290 576 1534 630 elaborata,
1563 580 1698 630 quum

348 638 417 680 vel
454 637 567 677 inter
608 650 679 689 ea,
724 649 834 688 quae
874 632 1159 690 philosophus
1187 633 1422 675 maturiore
1453 632 1698 688 composuit

349 699 513 746 aetate,
556 691 851 748 reperiantur,
892 690 938 731 in
978 690 1134 744 quibus
1163 688 1348 731 subinde
1376 685 1468 731 viri‘
1489 691 1626 730 ar'te'm
1655 693 1700 729 et

348 749 633 792 subtilitatem
675 745 909 788 desideres.
968 746 1174 800 Denique
1213 759 1365 787 causas
1396 742 1700 799 quasdamvi·

350 807 500 848 demur
538 804 776 860 reperisse,
817 817 893 843 cur
930 802 976 842 in
1006 802 1090 843 hoc
1119 802 1228 844 libro
1258 812 1346 842 non
1376 815 1427 842 ea
1456 799 1699 842 disserendi

349 861 542 904 sollertia
578 866 622 901 et
661 858 878 914 elegantia
905 864 1127 911 cernatur,
1161 871 1290 912 quam
1320 856 1427 898 alias
1457 856 1699 899 tei-sissimo

350 916 552 972 scriptori
590 915 809 971 propriam
849 928 941 956 esse
978 914 1191 957 novimus.·
1247 913 1318 954 De
1361 925 1520 967 qua’re
1548 912 1699 968 paucis

351 972 608 1029 exposuisse
641 970 846 1013 sufficiet.
917 969 977 1010 Et
1006 970 1192 1024 primum
1224 968 1400 1065 quidem
1425 967 1701 1024 illud-respi—

351 1028 552 1071 ciendum
594 1033 662 1069 est
712 1027 1031 1081 diligenterque
1081 1026 1222 1066 anima
1254 1022 1534 1077 vertendum,
1576 1023 1699 1080 >quod

350 1083 604 1127 Alcibiades
654 1083 758 1125 talis
805 1082 1062 1123 informatur
1098 1096 1148 1123 ac
1186 1080 1462 1137 depingitur,
1510 1079 1587 1139 qui
1620 1080 1705 1121 etsi

352 1141 642 1196 sophistarum
681 1140 950 1192 aliorumque
988 1137 1293 1194 magistrorum
1330 1135 1704 1192 usus¹disciplina

352 1198 409 1240 sit
436 1198 494 1252 ²³),
525 1203 670 1238 tamen
700 1193 940 1238 disserendi
974 1199 1109 1236 artem
1138 1194 1227 1235 fere
1257 1193 1419 1235 nullam
1439 1192 1619 1243 haheat3
1650 1207 1704 1234 ex

352 1255 483 1297 cuius*
505 1253 570 1294 rei
587 1251 890 1295 observatione
917 1251 1033 1292 bona
1054 1264 1155 1305 pars
1181 1249 1308 1292 istius
1337 1249 1519 1291 inertiae
1535 1248 1706 1290 ‘scilicet

354 1317 398 1352 et
426 1308 702 1351 infacundiae
730 1305 963 1349 iudicanda
993 1312 1074 1360 est,
1107 1319 1236 1360 quam
1256 1305 1400 1361 operis
1431 1304 1601 1347 auctori
1627 1305 1704 1346 tri-

351 1368 505 1409 buunt.
564 1365 739 1407 Etenim
778 1362 1140 1418 quemadmodum
1178 1361 1463 1426 philosophus
1501 1361 1606 1403 alibi
1635 1376 1706 1403 so—

352 1422 519 1479 phistas
552 1422 614 1463 sic
643 1420 815 1462 induxit
841 1419 1088 1473 loquentes,
1119 1423 1171 1459 ut
1198 1418 1243 1459 in
1271 1415 1705 1471 notionibus'distin-
1732 1465 1737 1468 ,

353 1478 539 1536 guendis
577 1477 648 1519 vel
677 1474 936 1518 definiendis
963 1474 1213 1530 turpissime
1241 1474 1467 1526 labantur,
1498 1474 1560 1515 ita
1589 1478 1706 1519 nanc

354 1550 405 1576 eo
435 1533 565 1576 modo
605 1532 821 1574 dicentem
847 1531 953 1573 fecit
982 1530 1301 1572 adolescentem
1329 1528 1603 1572 Alcibiadem
1614 1532 1631 1584 ,'‘
1657 1538 1707 1571 ut

355 1590 631 1646 quantumvis
661 1602 819 1644 magna
843 1586 1007 1644 ingenii
1037 1587 1104 1629 sui
1136 1586 1340 1642 opinione
1367 1585 1544 1628 inflatus
1562 1590 1706 1628 tamen

355 1648 422 1689 vel
452 1647 497 1687 in
525 1646 578 1687 iis
609 1645 738 1686 rebus
771 1643 991 1686 caecutire
1022 1642 1233 1692 videatur,
1265 1656 1375 1696 quae
1397 1657 1420 1684 e
1444 1642 1706 1690 vitae'com-

352 1703 495 1745 munis
535 1699 851 1743 consuetudine
895 1699 1145 1755 depromtae
1197 1704 1311 1741 sunt.
1381 1697 1598 1740 Nimirum
1620 1703 1622 1705 ’
1645 1698 1708 1740 ita

321 1803 323 1805 ,
354 1759 584 1815 perspicue
624 1756 902 1812 intelligitur,
945 1755 1083 1810 qualis
1122 1755 1250 1796 fuerit
1288 1753 1474 1796 hominis
1510 1752 1709 1796 doctrina

355 1829 554 1870 quaeque
585 1812 786 1866 eruditio,
820 1827 906 1866 quo
934 1817 1128 1866 tempore
1159 1826 1206 1853 se
1237 1809 1408 1868 Socrati
1437 1810 1484 1853 in
1514 1809 1706 1866 discipli-

353 1887 452 1912 nam
481 1869 660 1912 dederit.
722 1868 811 1912 Sed
850 1868 934 1909 alia
971 1868 1100 1909 etiam
1140 1873 1264 1921 sunt,
1307 1866 1418 1921 quae
1447 1866 1556 1908 satis
1586 1872 1707 1922 pate-

353 1929 540 1980 faciant,
582 1941 659 1967 cur
699 1925 838 1966 minor
875 1924 919 1965 in
958 1923 1042 1966 hoc
1082 1938 1214 1979 opere
1245 1928 1447 1964 cernatur
1474 1922 1579 1964 artis
1607 1936 1706 1986 per-

354 1984 498 2025 fectio.
560 1981 781 2034 Quorsum
810 1980 1034 2022 referimus
1062 1979 1188 2033 illud,
1225 1978 1345 2034 quod
1375 1978 1561 2034 scriptor
1587 1977 1708 2029 vide-

354 2046 426 2080 tur
462 2053 607 2081 veram
648 2051 982 2093 germanamque
1021 2034 1262 2078 disserendi
1299 2035 1510 2076 rationem
1550 2033 1707 2077 So'cra-

356 2095 490 2136 ticam
542 2094 783 2135 imitatione
824 2093 1060 2147 exprimere
1108 2090 1361 2133 studuisse.·
1418 2088 1709 2142 Quemadmo-

356 2150 458 2191 dum
489 2155 632 2190 autem
661 2148 980 2203 simplicissima
1008 2161 1206 2200 quaeque
1237 2144 1292 2187 ad
1316 2143 1569 2187 imitandum
1592 2144 1709 2186 diffi-

355 2205 513 2247 cillima
552 2209 677 2258 sunt,
718 2204 780 2244 ita
819 2203 949 2244 etiam
989 2202 1172 2258 simplex
1210 2201 1284 2243 illa
1314 2199 1566 2257 disputandi
1594 2200 1705 2242 ratio

350 2262 585 2303 Platonem
614 2259 658 2300 in
700 2259 827 2301 devia
856 2257 1070 2312 quaedam
1099 2257 1334 2300 abduxisse
1363 2256 1551 2309 videtur,
1582 2271 1706 2312 prae-

342 2317 502 2360 sertim
533 2331 665 2371 quum
694 2314 887 2356 nondum
915 2314 1016 2356 talis
1037 2314 1255 2356 scribendi
1275 2314 1431 2355 artifex
1451 2312 1706 2366 exstitisset,

356 2373 495 2428 qualis
536 2378 691 2427 postea
741 2371 882 2412 factus
931 2376 1010 2412 est.
1087 2370 1188 2412 Hoc
1225 2370 1362 2427 igitur
1405 2368 1706 2425 animadverso

357 2429 482 2471 facile
512 2428 818 2484 intelligemus,
852 2426 925 2481 qui
952 2427 1055 2480 fiat,
1087 2432 1137 2467 ut
1165 2427 1301 2467 multa
1321 2425 1466 2468 'fusius
1497 2429 1540 2466 et
1566 2438 1707 2466 rerum

323 2524 326 2529 ,
356 2485 612 2527 minutarum
652 2483 857 2539 exemplis
887 2482 1102 2528 interdum
1134 2481 1456 2524 immoderatius
1487 2479 1708 2535 congestis

359 2540 579 2598 disputata
615 2540 702 2581 sint
749 2554 878 2593 quam
922 2554 1002 2594 pro
1047 2538 1187 2594 ipsius
1227 2537 1422 2580 Platonis
1444 2542 1447 2543 ⁷
1469 2541 1714 2582 consuetu-,⁴

362 2598 501 2641 dine„
544 2597 646 2638 Huc
675 2594 845 2638 accedit
875 2595 1090 2649 denique,
1135 2593 1253 2649 quod
1293 2593 1492 2649 dialogus
1533 2590 1707 2633 videtur

426 2780 462 2821 *J
492 2780 535 2810 V,
559 2789 591 2819 p.
620 2776 685 2811 106
720 2776 760 2807 B.
788 2775 878 2808 conf.
905 2775 1009 2807 etiam
1036 2773 1222 2813 Protagor.
1247 2773 1296 2803 in.
1322 2781 1355 2812 p.
1383 2769 1459 2804 327.
1485 2769 1527 2800 B.
