<?xml version="1.0" encoding="UTF-8"?>
<!DOCTYPE html PUBLIC "-//W3C//DTD XHTML 1.0 Transitional//EN"
    "http://www.w3.org/TR/xhtml1/DTD/xhtml1-transitional.dtd">
<html xmlns="http://www.w3.org/1999/xhtml" xml:lang="en" lang="en">
 <head>
  <title>
</title>
<meta http-equiv="Content-Type" content="text/html;charset=utf-8" />
  <meta name='ocr-system' content='tesseract 3.04.00' />
  <meta name='ocr-capabilities' content='ocr_page ocr_carea ocr_par ocr_line ocrx_word'/>
</head>
<body>
  <div class='ocr_page' id='page_1' title='image "./operaomniarecens05platuoft_0348.png"; bbox 0 0 1742 2970; ppageno 0'>
   <div class='ocr_carea' id='block_1_1' title="bbox 345 228 1308 276">
    <p class='ocr_par' dir='ltr' id='par_1_1' title="bbox 345 228 1308 276">
     <span class='ocr_line' id='line_1_1' title="bbox 345 228 1308 276; baseline -0.005 -1"><span class='ocrx_word' id='word_1_1' title='bbox 345 236 427 276; x_wconf 79' lang='lat'>342</span> <span class='ocrx_word' id='word_1_2' title='bbox 734 228 1221 274; x_wconf 84' lang='lat' dir='ltr'><strong>PROLEGOMENA</strong></span> <span class='ocrx_word' id='word_1_3' title='bbox 1253 228 1308 270; x_wconf 85' lang='lat' dir='ltr'>ad</span> 
     </span>
    </p>
   </div>
   <div class='ocr_carea' id='block_1_2' title="bbox 314 339 1701 2652">
    <p class='ocr_par' dir='ltr' id='par_1_2' title="bbox 314 339 1701 2310">
     <span class='ocr_line' id='line_1_2' title="bbox 346 339 1692 401; baseline -0.001 -15"><span class='ocrx_word' id='word_1_4' title='bbox 346 343 560 401; x_wconf 83' lang='lat' dir='ltr'>cipiendi‚</span> <span class='ocrx_word' id='word_1_5' title='bbox 603 357 684 386; x_wconf 87' lang='lat' dir='ltr'>nec</span> <span class='ocrx_word' id='word_1_6' title='bbox 723 344 812 385; x_wconf 91' lang='lat' dir='ltr'>ullo</span> <span class='ocrx_word' id='word_1_7' title='bbox 866 341 995 384; x_wconf 87' lang='lat' dir='ltr'>modo</span> <span class='ocrx_word' id='word_1_8' title='bbox 1040 341 1326 384; x_wconf 80' lang='lat' dir='ltr'>emendandi?</span> <span class='ocrx_word' id='word_1_9' title='bbox 1385 339 1553 395; x_wconf 57' lang='lat' dir='ltr'>Quid?</span> <span class='ocrx_word' id='word_1_10' title='bbox 1589 355 1692 384; x_wconf 83' lang='lat' dir='ltr'>num</span> 
     </span>
     <span class='ocr_line' id='line_1_3' title="bbox 344 397 1692 458; baseline -0.002 -16"><span class='ocrx_word' id='word_1_11' title='bbox 344 416 423 458; x_wconf 87' lang='lat' dir='ltr'>pro</span> <span class='ocrx_word' id='word_1_12' title='bbox 454 400 683 443; x_wconf 87' lang='lat' dir='ltr'>Platonico</span> <span class='ocrx_word' id='word_1_13' title='bbox 713 401 890 456; x_wconf 81' lang='lat' dir='ltr'>probas,</span> <span class='ocrx_word' id='word_1_14' title='bbox 923 398 1040 454; x_wconf 86' lang='lat' dir='ltr'>quod</span> <span class='ocrx_word' id='word_1_15' title='bbox 1059 398 1211 440; x_wconf 89' lang='lat' dir='ltr'>eodem</span> <span class='ocrx_word' id='word_1_16' title='bbox 1229 399 1326 440; x_wconf 94' lang='lat' dir='ltr'>loco</span> <span class='ocrx_word' id='word_1_17' title='bbox 1357 413 1446 440; x_wconf 90' lang='lat' dir='ltr'>non</span> <span class='ocrx_word' id='word_1_18' title='bbox 1475 397 1539 439; x_wconf 75' lang='lat' dir='ltr'>ita</span> <span class='ocrx_word' id='word_1_19' title='bbox 1555 397 1692 440; x_wconf 85' lang='lat' dir='ltr'>multo</span> 
     </span>
     <span class='ocr_line' id='line_1_4' title="bbox 344 452 1693 514; baseline -0.002 -15"><span class='ocrx_word' id='word_1_20' title='bbox 344 462 448 513; x_wconf 88' lang='lat' dir='ltr'>post</span> <span class='ocrx_word' id='word_1_21' title='bbox 486 456 670 514; x_wconf 79' lang='lat' dir='ltr'>legitur,</span> <span class='ocrx_word' id='word_1_22' title='bbox 718 461 790 498; x_wconf 75' lang='grc' dir='ltr'>καὶ</span> <span class='ocrx_word' id='word_1_23' title='bbox 822 459 957 498; x_wconf 50' lang='lat' dir='ltr'>wemma</span> <span class='ocrx_word' id='word_1_24' title='bbox 987 455 1068 497; x_wconf 73' lang='grc' dir='ltr'>ἀνά</span> <span class='ocrx_word' id='word_1_25' title='bbox 1104 457 1239 509; x_wconf 74' lang='grc' dir='ltr'><em>λόγον</em></span> <span class='ocrx_word' id='word_1_26' title='bbox 1271 452 1467 504; x_wconf 77' lang='grc' dir='ltr'><strong><em>τούτοις,</em></strong></span> <span class='ocrx_word' id='word_1_27' title='bbox 1493 466 1574 510; x_wconf 82' lang='lat' dir='ltr'>pro</span> <span class='ocrx_word' id='word_1_28' title='bbox 1606 468 1693 509; x_wconf 90' lang='lat' dir='ltr'>quo</span> 
     </span>
     <span class='ocr_line' id='line_1_5' title="bbox 345 508 1694 569; baseline -0.002 -15"><span class='ocrx_word' id='word_1_29' title='bbox 345 512 653 569; x_wconf 88' lang='lat' dir='ltr'>philosophum</span> <span class='ocrx_word' id='word_1_30' title='bbox 682 513 960 567; x_wconf 88' lang='lat' dir='ltr'>frequentare</span> <span class='ocrx_word' id='word_1_31' title='bbox 981 512 1179 554; x_wconf 88' lang='lat' dir='ltr'>novimus</span> <span class='ocrx_word' id='word_1_32' title='bbox 1211 514 1283 554; x_wconf 83' lang='grc' dir='ltr'>καὶ</span> <span class='ocrx_word' id='word_1_33' title='bbox 1303 508 1441 554; x_wconf 79' lang='grc' dir='ltr'><em>τᾶλλα</em></span> <span class='ocrx_word' id='word_1_34' title='bbox 1462 508 1694 567; x_wconf 55' lang='lat' dir='ltr'>&amp;gatii-mg?</span> 
     </span>
     <span class='ocr_line' id='line_1_6' title="bbox 345 565 1696 623; baseline -0.003 -11"><span class='ocrx_word' id='word_1_35' title='bbox 345 569 451 612; x_wconf 87' lang='lat' dir='ltr'>Non</span> <span class='ocrx_word' id='word_1_36' title='bbox 489 569 631 612; x_wconf 88' lang='lat' dir='ltr'>minus</span> <span class='ocrx_word' id='word_1_37' title='bbox 670 568 954 612; x_wconf 87' lang='lat' dir='ltr'>dubitationis</span> <span class='ocrx_word' id='word_1_38' title='bbox 994 568 1149 622; x_wconf 75' lang='lat' dir='ltr'>habet,</span> <span class='ocrx_word' id='word_1_39' title='bbox 1188 567 1311 623; x_wconf 87' lang='lat' dir='ltr'>quod</span> <span class='ocrx_word' id='word_1_40' title='bbox 1342 583 1384 623; x_wconf 90' lang='lat' dir='ltr'>p.</span> <span class='ocrx_word' id='word_1_41' title='bbox 1421 567 1514 611; x_wconf 83' lang='lat'>150.</span> <span class='ocrx_word' id='word_1_42' title='bbox 1545 565 1599 608; x_wconf 90' lang='lat' dir='ltr'>B.</span> <span class='ocrx_word' id='word_1_43' title='bbox 1631 565 1696 608; x_wconf 93' lang='lat' dir='ltr'>di-</span> 
     </span>
     <span class='ocr_line' id='line_1_7' title="bbox 347 621 1695 680; baseline -0.001 -13"><span class='ocrx_word' id='word_1_44' title='bbox 347 626 461 668; x_wconf 87' lang='lat' dir='ltr'>citur</span> <span class='ocrx_word' id='word_1_45' title='bbox 496 626 520 667; x_wconf 78' lang='grc' dir='ltr'><em>ὅ</em></span> <span class='ocrx_word' id='word_1_46' title='bbox 558 642 601 668; x_wconf 83' lang='grc' dir='ltr'>τι</span> <span class='ocrx_word' id='word_1_47' title='bbox 639 631 684 668; x_wconf 79' lang='grc' dir='ltr'>ὲν</span> <span class='ocrx_word' id='word_1_48' title='bbox 721 628 783 674; x_wconf 72' lang='grc' dir='ltr'>νώ</span> <span class='ocrx_word' id='word_1_49' title='bbox 830 629 937 680; x_wconf 75' lang='grc' dir='ltr'><em>ἔχεις</em></span> <span class='ocrx_word' id='word_1_50' title='bbox 975 624 1086 679; x_wconf 73' lang='grc' dir='ltr'>πρὸς</span> <span class='ocrx_word' id='word_1_51' title='bbox 1126 628 1285 673; x_wconf 80' lang='grc' dir='ltr'><em>ταῦτα,</em></span> <span class='ocrx_word' id='word_1_52' title='bbox 1325 622 1466 680; x_wconf 86' lang='lat' dir='ltr'>quid</span> <span class='ocrx_word' id='word_1_53' title='bbox 1505 621 1568 665; x_wconf 87' lang='lat' dir='ltr'>de</span> <span class='ocrx_word' id='word_1_54' title='bbox 1606 622 1695 666; x_wconf 84' lang='lat' dir='ltr'>his</span> 
     </span>
     <span class='ocr_line' id='line_1_8' title="bbox 349 678 1697 738; baseline -0.002 -14"><span class='ocrx_word' id='word_1_55' title='bbox 349 682 594 733; x_wconf 85' lang='lat' dir='ltr'>sentias3</span> <span class='ocrx_word' id='word_1_56' title='bbox 647 682 767 738; x_wconf 92' lang='lat' dir='ltr'>quod</span> <span class='ocrx_word' id='word_1_57' title='bbox 805 683 866 724; x_wconf 89' lang='lat' dir='ltr'>ita</span> <span class='ocrx_word' id='word_1_58' title='bbox 906 682 1107 738; x_wconf 87' lang='lat' dir='ltr'>usurpari</span> <span class='ocrx_word' id='word_1_59' title='bbox 1145 696 1171 722; x_wconf 91' lang='lat' dir='ltr'>a</span> <span class='ocrx_word' id='word_1_60' title='bbox 1209 681 1371 736; x_wconf 84' lang='lat' dir='ltr'>probae</span> <span class='ocrx_word' id='word_1_61' title='bbox 1432 678 1697 722; x_wconf 73' lang='lat' dir='ltr'>Graecitatis</span> 
     </span>
     <span class='ocr_line' id='line_1_9' title="bbox 345 734 1697 794; baseline -0.001 -14"><span class='ocrx_word' id='word_1_62' title='bbox 345 738 596 781; x_wconf 88' lang='lat' dir='ltr'>auctoribus</span> <span class='ocrx_word' id='word_1_63' title='bbox 624 754 748 781; x_wconf 88' lang='lat' dir='ltr'>nemo</span> <span class='ocrx_word' id='word_1_64' title='bbox 779 739 1007 794; x_wconf 89' lang='lat' dir='ltr'>quisquam</span> <span class='ocrx_word' id='word_1_65' title='bbox 1027 737 1322 779; x_wconf 88' lang='lat' dir='ltr'>demonstrare</span> <span class='ocrx_word' id='word_1_66' title='bbox 1340 735 1515 793; x_wconf 84' lang='lat' dir='ltr'>poterit.</span> <span class='ocrx_word' id='word_1_67' title='bbox 1573 734 1697 778; x_wconf 87' lang='lat' dir='ltr'><strong>Idem</strong></span> 
     </span>
     <span class='ocr_line' id='line_1_10' title="bbox 347 789 1698 850; baseline -0.001 -14"><span class='ocrx_word' id='word_1_68' title='bbox 347 794 513 836; x_wconf 76' lang='lat' dir='ltr'>dictum</span> <span class='ocrx_word' id='word_1_69' title='bbox 553 800 646 837; x_wconf 85' lang='lat' dir='ltr'>esto</span> <span class='ocrx_word' id='word_1_70' title='bbox 686 794 741 837; x_wconf 87' lang='lat' dir='ltr'>de</span> <span class='ocrx_word' id='word_1_71' title='bbox 781 795 926 838; x_wconf 88' lang='lat' dir='ltr'>verbis</span> <span class='ocrx_word' id='word_1_72' title='bbox 965 811 1006 850; x_wconf 91' lang='lat' dir='ltr'>p.</span> <span class='ocrx_word' id='word_1_73' title='bbox 1052 796 1145 835; x_wconf 87' lang='lat'>151.</span> <span class='ocrx_word' id='word_1_74' title='bbox 1192 794 1244 835; x_wconf 90' lang='lat' dir='ltr'>B.</span> <span class='ocrx_word' id='word_1_75' title='bbox 1289 793 1429 845; x_wconf 74' lang='grc' dir='ltr'><strong><em>ἡὸὲως</em></strong></span> <span class='ocrx_word' id='word_1_76' title='bbox 1469 789 1524 835; x_wconf 75' lang='grc' dir='ltr'>ἂν</span> <span class='ocrx_word' id='word_1_77' title='bbox 1556 793 1698 847; x_wconf 81' lang='grc' dir='ltr'><em>ἰ’δοιμι</em></span> 
     </span>
     <span class='ocr_line' id='line_1_11' title="bbox 346 849 1698 906; baseline 0 -15"><span class='ocrx_word' id='word_1_78' title='bbox 346 849 584 905; x_wconf 74' lang='grc' dir='ltr'><em>δεξάμενον</em></span> <span class='ocrx_word' id='word_1_79' title='bbox 625 849 840 905; x_wconf 75' lang='grc' dir='ltr'>ἐμαυτόν,</span> <span class='ocrx_word' id='word_1_80' title='bbox 879 867 958 906; x_wconf 91' lang='lat' dir='ltr'>pro</span> <span class='ocrx_word' id='word_1_81' title='bbox 1001 850 1158 905; x_wconf 89' lang='lat' dir='ltr'>quibus</span> <span class='ocrx_word' id='word_1_82' title='bbox 1196 850 1345 905; x_wconf 87' lang='lat' dir='ltr'>ecquis</span> <span class='ocrx_word' id='word_1_83' title='bbox 1383 855 1451 892; x_wconf 88' lang='lat' dir='ltr'>est</span> <span class='ocrx_word' id='word_1_84' title='bbox 1489 849 1698 892; x_wconf 83' lang='lat' dir='ltr'>sermonis</span> 
     </span>
     <span class='ocr_line' id='line_1_12' title="bbox 346 905 1696 963; baseline -0.001 -15"><span class='ocrx_word' id='word_1_85' title='bbox 346 906 565 954; x_wconf 79' lang='lat' dir='ltr'>Platonici</span> <span class='ocrx_word' id='word_1_86' title='bbox 602 907 749 962; x_wconf 91' lang='lat' dir='ltr'>paullo</span> <span class='ocrx_word' id='word_1_87' title='bbox 792 908 973 963; x_wconf 79' lang='lat' dir='ltr'>peritior</span> <span class='ocrx_word' id='word_1_88' title='bbox 1004 908 1107 961; x_wconf 89' lang='lat' dir='ltr'>quin</span> <span class='ocrx_word' id='word_1_89' title='bbox 1137 921 1212 947; x_wconf 85' lang='lat' dir='ltr'>exs</span> <span class='ocrx_word' id='word_1_90' title='bbox 1246 911 1362 948; x_wconf 86' lang='lat' dir='ltr'>ectet</span> <span class='ocrx_word' id='word_1_91' title='bbox 1390 906 1538 963; x_wconf 87' lang='lat' dir='ltr'>potius</span> <span class='ocrx_word' id='word_1_92' title='bbox 1569 905 1696 948; x_wconf 86' lang='lat' dir='ltr'>haec:</span> 
     </span>
     <span class='ocr_line' id='line_1_13' title="bbox 346 959 1699 1019; baseline 0 -15"><span class='ocrx_word' id='word_1_93' title='bbox 346 961 487 1014; x_wconf 79' lang='grc' dir='ltr'><strong><em>ἡδέως</em></strong></span> <span class='ocrx_word' id='word_1_94' title='bbox 515 959 569 1005; x_wconf 72' lang='grc' dir='ltr'>ἂν</span> <span class='ocrx_word' id='word_1_95' title='bbox 599 963 838 1016; x_wconf 66' lang='grc' dir='ltr'>δεξαίμηνῖ</span> <span class='ocrx_word' id='word_1_96' title='bbox 899 962 989 1007; x_wconf 85' lang='lat' dir='ltr'>Sed</span> <span class='ocrx_word' id='word_1_97' title='bbox 1020 966 1147 1018; x_wconf 83' lang='lat' dir='ltr'>plura</span> <span class='ocrx_word' id='word_1_98' title='bbox 1176 962 1190 1003; x_wconf 89' lang='lat' dir='ltr'>i</span> <span class='ocrx_word' id='word_1_99' title='bbox 1251 977 1390 1019; x_wconf 82' lang='lat' dir='ltr'>genus</span> <span class='ocrx_word' id='word_1_100' title='bbox 1419 967 1569 1005; x_wconf 68' lang='lat' dir='ltr'>notare</span> <span class='ocrx_word' id='word_1_101' title='bbox 1593 961 1699 1018; x_wconf 85' lang='lat' dir='ltr'>quid</span> 
     </span>
     <span class='ocr_line' id='line_1_14' title="bbox 346 1018 1698 1077; baseline 0 -17"><span class='ocrx_word' id='word_1_102' title='bbox 346 1018 489 1073; x_wconf 82' lang='lat' dir='ltr'>iuvat,</span> <span class='ocrx_word' id='word_1_103' title='bbox 532 1034 666 1074; x_wconf 90' lang='lat' dir='ltr'>quum</span> <span class='ocrx_word' id='word_1_104' title='bbox 706 1020 890 1077; x_wconf 84' lang='lat' dir='ltr'>singulis</span> <span class='ocrx_word' id='word_1_105' title='bbox 940 1019 1031 1061; x_wconf 78' lang='lat' dir='ltr'>fere</span> <span class='ocrx_word' id='word_1_106' title='bbox 1071 1018 1242 1075; x_wconf 82' lang='lat' dir='ltr'>paginis</span> <span class='ocrx_word' id='word_1_107' title='bbox 1285 1018 1330 1060; x_wconf 89' lang='lat' dir='ltr'>in</span> <span class='ocrx_word' id='word_1_108' title='bbox 1375 1018 1698 1061; x_wconf 62' lang='lat' dir='ltr'>‘commentariis</span> 
     </span>
     <span class='ocr_line' id='line_1_15' title="bbox 346 1074 1699 1132; baseline 0 -16"><span class='ocrx_word' id='word_1_109' title='bbox 346 1075 454 1117; x_wconf 86' lang='lat' dir='ltr'>tales</span> <span class='ocrx_word' id='word_1_110' title='bbox 494 1075 734 1132; x_wconf 80' lang='lat' dir='ltr'>elegantiae</span> <span class='ocrx_word' id='word_1_111' title='bbox 782 1091 963 1118; x_wconf 86' lang='lat' dir='ltr'>veneres</span> <span class='ocrx_word' id='word_1_112' title='bbox 1008 1074 1481 1119; x_wconf 75' lang='lat' dir='ltr'>demonstraverimus?</span> <span class='ocrx_word' id='word_1_113' title='bbox 1548 1074 1699 1118; x_wconf 88' lang='lat' dir='ltr'>Unum</span> 
     </span>
     <span class='ocr_line' id='line_1_16' title="bbox 347 1130 1699 1175; baseline 0 -2"><span class='ocrx_word' id='word_1_114' title='bbox 347 1138 493 1174; x_wconf 84' lang='lat' dir='ltr'>tamen</span> <span class='ocrx_word' id='word_1_115' title='bbox 525 1133 685 1174; x_wconf 91' lang='lat' dir='ltr'>cumuli</span> <span class='ocrx_word' id='word_1_116' title='bbox 715 1133 855 1175; x_wconf 86' lang='lat' dir='ltr'>instar</span> <span class='ocrx_word' id='word_1_117' title='bbox 884 1132 997 1174; x_wconf 89' lang='lat' dir='ltr'>addo</span> <span class='ocrx_word' id='word_1_118' title='bbox 1036 1131 1290 1174; x_wconf 78' lang='lat' dir='ltr'>recentioris</span> <span class='ocrx_word' id='word_1_119' title='bbox 1323 1130 1590 1174; x_wconf 81' lang='lat' dir='ltr'>Graecitatis</span> <span class='ocrx_word' id='word_1_120' title='bbox 1622 1130 1699 1173; x_wconf 86' lang='lat' dir='ltr'>do-</span> 
     </span>
     <span class='ocr_line' id='line_1_17' title="bbox 347 1187 1700 1246; baseline 0.001 -17"><span class='ocrx_word' id='word_1_121' title='bbox 347 1193 609 1230; x_wconf 88' lang='lat' dir='ltr'>cumentum.</span> <span class='ocrx_word' id='word_1_122' title='bbox 678 1190 889 1246; x_wconf 75' lang='lat' dir='ltr'>Legimus</span> <span class='ocrx_word' id='word_1_123' title='bbox 935 1189 1048 1231; x_wconf 88' lang='lat' dir='ltr'>enim</span> <span class='ocrx_word' id='word_1_124' title='bbox 1088 1204 1129 1244; x_wconf 90' lang='lat' dir='ltr'>p.</span> <span class='ocrx_word' id='word_1_125' title='bbox 1183 1187 1277 1229; x_wconf 87' lang='lat'>149.</span> <span class='ocrx_word' id='word_1_126' title='bbox 1327 1187 1380 1230; x_wconf 93' lang='lat' dir='ltr'>B.</span> <span class='ocrx_word' id='word_1_127' title='bbox 1434 1187 1700 1230; x_wconf 80' lang='lat' dir='ltr'>infinitivum</span> 
     </span>
     <span class='ocr_line' id='line_1_18' title="bbox 347 1244 1699 1302; baseline 0.001 -17"><span class='ocrx_word' id='word_1_128' title='bbox 347 1244 498 1287; x_wconf 88' lang='lat' dir='ltr'>aoristi</span> <span class='ocrx_word' id='word_1_129' title='bbox 527 1245 837 1300; x_wconf 66' lang='grc' dir='ltr'><em>ἀποκριθῆναι</em></span> <span class='ocrx_word' id='word_1_130' title='bbox 866 1261 944 1302; x_wconf 87' lang='lat' dir='ltr'>pro</span> <span class='ocrx_word' id='word_1_131' title='bbox 964 1246 1303 1296; x_wconf 70' lang='grc' dir='ltr'>ἀποκρίνασθαι</span> <span class='ocrx_word' id='word_1_132' title='bbox 1332 1244 1538 1300; x_wconf 78' lang='lat' dir='ltr'>positum,</span> <span class='ocrx_word' id='word_1_133' title='bbox 1571 1258 1699 1300; x_wconf 84' lang='lat' dir='ltr'>quem</span> 
     </span>
     <span class='ocr_line' id='line_1_19' title="bbox 347 1299 1697 1358; baseline 0.001 -17"><span class='ocrx_word' id='word_1_134' title='bbox 347 1315 473 1342; x_wconf 89' lang='lat' dir='ltr'>usum</span> <span class='ocrx_word' id='word_1_135' title='bbox 520 1306 727 1357; x_wconf 87' lang='lat' dir='ltr'>tanquam</span> <span class='ocrx_word' id='word_1_136' title='bbox 783 1302 1048 1358; x_wconf 84' lang='lat' dir='ltr'>singularem</span> <span class='ocrx_word' id='word_1_137' title='bbox 1098 1301 1186 1342; x_wconf 84' lang='lat' dir='ltr'>iam·</span> <span class='ocrx_word' id='word_1_138' title='bbox 1244 1299 1537 1356; x_wconf 77' lang='lat' dir='ltr'>Sturzius,</span> <span class='ocrx_word' id='word_1_139' title='bbox 1584 1300 1697 1343; x_wconf 85' lang='lat' dir='ltr'>Lo-</span> 
     </span>
     <span class='ocr_line' id='line_1_20' title="bbox 347 1355 1699 1414; baseline 0.001 -17"><span class='ocrx_word' id='word_1_140' title='bbox 347 1356 583 1399; x_wconf 88' lang='lat' dir='ltr'>beckius</span> <span class='ocrx_word' id='word_1_141' title='bbox 615 1364 658 1399; x_wconf 87' lang='lat' dir='ltr'>et</span> <span class='ocrx_word' id='word_1_142' title='bbox 686 1359 887 1400; x_wconf 84' lang='lat' dir='ltr'>Astius</span> <span class='ocrx_word' id='word_1_143' title='bbox 918 1363 1191 1400; x_wconf 88' lang='lat' dir='ltr'>notaverunt.</span> <span class='ocrx_word' id='word_1_144' title='bbox 1245 1355 1367 1410; x_wconf 81' lang='lat' dir='ltr'>Quid</span> <span class='ocrx_word' id='word_1_145' title='bbox 1395 1355 1559 1414; x_wconf 75' lang='lat' dir='ltr'>igitur?</span> <span class='ocrx_word' id='word_1_146' title='bbox 1589 1355 1699 1399; x_wconf 84' lang='lat' dir='ltr'>Cor-</span> 
     </span>
     <span class='ocr_line' id='line_1_21' title="bbox 347 1413 1700 1469; baseline 0.002 -16"><span class='ocrx_word' id='word_1_147' title='bbox 347 1413 517 1469; x_wconf 85' lang='lat' dir='ltr'>rigesne</span> <span class='ocrx_word' id='word_1_148' title='bbox 565 1413 771 1456; x_wconf 84' lang='lat' dir='ltr'>audacter</span> <span class='ocrx_word' id='word_1_149' title='bbox 813 1415 1176 1468; x_wconf 70' lang='grc' dir='ltr'><em>ἀποκρίνασθαι,</em></span> <span class='ocrx_word' id='word_1_150' title='bbox 1210 1427 1342 1467; x_wconf 90' lang='lat' dir='ltr'>quum</span> <span class='ocrx_word' id='word_1_151' title='bbox 1373 1413 1700 1456; x_wconf 74' lang='lat' dir='ltr'>scribas&#39;nove-</span> 
     </span>
     <span class='ocr_line' id='line_1_22' title="bbox 346 1468 1701 1526; baseline 0.001 -17"><span class='ocrx_word' id='word_1_152' title='bbox 346 1469 479 1510; x_wconf 88' lang='lat' dir='ltr'>rimus</span> <span class='ocrx_word' id='word_1_153' title='bbox 518 1469 647 1511; x_wconf 87' lang='lat' dir='ltr'>etiarn</span> <span class='ocrx_word' id='word_1_154' title='bbox 685 1471 787 1513; x_wconf 89' lang='lat' dir='ltr'>alibi</span> <span class='ocrx_word' id='word_1_155' title='bbox 836 1471 1018 1512; x_wconf 85' lang='lat' dir='ltr'>formam</span> <span class='ocrx_word' id='word_1_156' title='bbox 1059 1469 1271 1512; x_wconf 83' lang='lat' dir='ltr'>citerioris</span> <span class='ocrx_word' id='word_1_157' title='bbox 1314 1468 1579 1512; x_wconf 76' lang='lat' dir='ltr'>Graecitatis</span> <span class='ocrx_word' id='word_1_158' title='bbox 1621 1484 1701 1526; x_wconf 86' lang='lat' dir='ltr'>per</span> 
     </span>
     <span class='ocr_line' id='line_1_23' title="bbox 347 1525 1697 1582; baseline 0.001 -17"><span class='ocrx_word' id='word_1_159' title='bbox 347 1539 534 1566; x_wconf 85' lang='lat' dir='ltr'>errorem</span> <span class='ocrx_word' id='word_1_160' title='bbox 571 1525 616 1567; x_wconf 89' lang='lat' dir='ltr'>in</span> <span class='ocrx_word' id='word_1_161' title='bbox 655 1526 799 1568; x_wconf 86' lang='lat' dir='ltr'>locum</span> <span class='ocrx_word' id='word_1_162' title='bbox 842 1527 1001 1569; x_wconf 88' lang='lat' dir='ltr'>veteris</span> <span class='ocrx_word' id='word_1_163' title='bbox 1034 1531 1164 1581; x_wconf 85' lang='lat' dir='ltr'>atque</span> <span class='ocrx_word' id='word_1_164' title='bbox 1193 1526 1356 1582; x_wconf 86' lang='lat' dir='ltr'>probae</span> <span class='ocrx_word' id='word_1_165' title='bbox 1387 1525 1697 1569; x_wconf 79' lang='lat' dir='ltr'>substituisse?</span> 
     </span>
     <span class='ocr_line' id='line_1_24' title="bbox 346 1580 1698 1639; baseline 0.002 -18"><span class='ocrx_word' id='word_1_166' title='bbox 346 1581 487 1635; x_wconf 88' lang='lat' dir='ltr'>Atqui</span> <span class='ocrx_word' id='word_1_167' title='bbox 517 1581 625 1623; x_wconf 86' lang='lat' dir='ltr'>haec</span> <span class='ocrx_word' id='word_1_168' title='bbox 654 1583 784 1624; x_wconf 87' lang='lat' dir='ltr'>nimia</span> <span class='ocrx_word' id='word_1_169' title='bbox 813 1583 1011 1639; x_wconf 88' lang='lat' dir='ltr'>profecto</span> <span class='ocrx_word' id='word_1_170' title='bbox 1043 1582 1226 1625; x_wconf 88' lang='lat' dir='ltr'>audacia</span> <span class='ocrx_word' id='word_1_171' title='bbox 1253 1582 1394 1636; x_wconf 82' lang='lat' dir='ltr'>foret,</span> <span class='ocrx_word' id='word_1_172' title='bbox 1434 1597 1568 1638; x_wconf 83' lang='lat' dir='ltr'>quum</span> <span class='ocrx_word' id='word_1_173' title='bbox 1595 1580 1698 1625; x_wconf 86' lang='lat' dir='ltr'>libri</span> 
     </span>
     <span class='ocr_line' id='line_1_25' title="bbox 346 1636 1696 1694; baseline 0.004 -17"><span class='ocrx_word' id='word_1_174' title='bbox 346 1651 477 1678; x_wconf 87' lang='lat' dir='ltr'>manu</span> <span class='ocrx_word' id='word_1_175' title='bbox 517 1636 726 1694; x_wconf 86' lang='lat' dir='ltr'>descripti</span> <span class='ocrx_word' id='word_1_176' title='bbox 775 1654 923 1681; x_wconf 90' lang='lat' dir='ltr'>omnes</span> <span class='ocrx_word' id='word_1_177' title='bbox 966 1640 1087 1681; x_wconf 88' lang='lat' dir='ltr'>iuxta</span> <span class='ocrx_word' id='word_1_178' title='bbox 1133 1653 1233 1681; x_wconf 91' lang='lat' dir='ltr'>cum</span> <span class='ocrx_word' id='word_1_179' title='bbox 1281 1644 1385 1683; x_wconf 86' lang='lat' dir='ltr'>vett.</span> <span class='ocrx_word' id='word_1_180' title='bbox 1433 1638 1696 1682; x_wconf 83' lang='lat' dir='ltr'>editionibus</span> 
     </span>
     <span class='ocr_line' id='line_1_26' title="bbox 314 1693 1696 1749; baseline 0.002 -16"><span class='ocrx_word' id='word_1_181' title='bbox 314 1693 653 1749; x_wconf 68' lang='grc' dir='ltr'><em>-άπωκριθῆυαι</em></span> <span class='ocrx_word' id='word_1_182' title='bbox 706 1701 970 1747; x_wconf 77' lang='lat' dir='ltr'>constanter¹</span> <span class='ocrx_word' id='word_1_183' title='bbox 1013 1700 1231 1738; x_wconf 86' lang='lat' dir='ltr'>tueantur.</span> <span class='ocrx_word' id='word_1_184' title='bbox 1311 1695 1426 1737; x_wconf 76' lang='lat' dir='ltr'>Nam</span> <span class='ocrx_word' id='word_1_185' title='bbox 1473 1701 1525 1737; x_wconf 87' lang='lat' dir='ltr'>ut</span> <span class='ocrx_word' id='word_1_186' title='bbox 1566 1694 1696 1737; x_wconf 80' lang='lat' dir='ltr'>etiam</span> 
     </span>
     <span class='ocr_line' id='line_1_27' title="bbox 347 1748 1696 1808; baseline 0.002 -18"><span class='ocrx_word' id='word_1_187' title='bbox 347 1748 450 1792; x_wconf 88' lang='lat' dir='ltr'>alibi</span> <span class='ocrx_word' id='word_1_188' title='bbox 490 1749 798 1806; x_wconf 70' lang='grc' dir='ltr'><em>ἀποκριθῆναι</em></span> <span class='ocrx_word' id='word_1_189' title='bbox 833 1752 887 1794; x_wconf 90' lang='lat' dir='ltr'>ab</span> <span class='ocrx_word' id='word_1_190' title='bbox 926 1752 1111 1794; x_wconf 89' lang='lat' dir='ltr'>librariis</span> <span class='ocrx_word' id='word_1_191' title='bbox 1152 1766 1231 1806; x_wconf 89' lang='lat' dir='ltr'>per</span> <span class='ocrx_word' id='word_1_192' title='bbox 1259 1764 1448 1794; x_wconf 82' lang='lat' dir='ltr'>errorem</span> <span class='ocrx_word' id='word_1_193' title='bbox 1475 1765 1556 1808; x_wconf 88' lang='lat' dir='ltr'>pro</span> <span class='ocrx_word' id='word_1_194' title='bbox 1584 1750 1696 1793; x_wconf 55' lang='lat' dir='ltr'>dno*</span> 
     </span>
     <span class='ocr_line' id='line_1_28' title="bbox 346 1805 1697 1864; baseline 0.002 -18"><span class='ocrx_word' id='word_1_195' title='bbox 346 1808 595 1855; x_wconf 72' lang='grc' dir='ltr'><em>κρίνασθαι</em></span> <span class='ocrx_word' id='word_1_196' title='bbox 644 1807 854 1864; x_wconf 88' lang='lat' dir='ltr'>scriptum</span> <span class='ocrx_word' id='word_1_197' title='bbox 904 1809 987 1862; x_wconf 76' lang='lat' dir='ltr'>sit,</span> <span class='ocrx_word' id='word_1_198' title='bbox 1031 1806 1150 1863; x_wconf 90' lang='lat' dir='ltr'>quod</span> <span class='ocrx_word' id='word_1_199' title='bbox 1189 1805 1420 1862; x_wconf 77' lang='lat' dir='ltr'>aliquoties</span> <span class='ocrx_word' id='word_1_200' title='bbox 1457 1807 1503 1850; x_wconf 90' lang='lat' dir='ltr'>in</span> <span class='ocrx_word' id='word_1_201' title='bbox 1543 1807 1697 1850; x_wconf 86' lang='lat' dir='ltr'>Xeno-</span> 
     </span>
     <span class='ocr_line' id='line_1_29' title="bbox 344 1861 1696 1920; baseline 0.001 -16"><span class='ocrx_word' id='word_1_202' title='bbox 344 1861 509 1917; x_wconf 88' lang='lat' dir='ltr'>phonte</span> <span class='ocrx_word' id='word_1_203' title='bbox 548 1862 760 1906; x_wconf 87' lang='lat' dir='ltr'>accidisse</span> <span class='ocrx_word' id='word_1_204' title='bbox 789 1865 988 1907; x_wconf 86' lang='lat' dir='ltr'>novimus</span> <span class='ocrx_word' id='word_1_205' title='bbox 1020 1865 1085 1920; x_wconf 70' lang='lat'><strong>¹⁸¹),</strong></span> <span class='ocrx_word' id='word_1_206' title='bbox 1125 1869 1271 1906; x_wconf 85' lang='lat' dir='ltr'>tamen</span> <span class='ocrx_word' id='word_1_207' title='bbox 1298 1863 1360 1906; x_wconf 91' lang='lat' dir='ltr'>ibi</span> <span class='ocrx_word' id='word_1_208' title='bbox 1387 1878 1475 1907; x_wconf 86' lang='lat' dir='ltr'>non</span> <span class='ocrx_word' id='word_1_209' title='bbox 1505 1877 1696 1906; x_wconf 90' lang='lat' dir='ltr'>commu-</span> 
     </span>
     <span class='ocr_line' id='line_1_30' title="bbox 344 1918 1696 1976; baseline 0.002 -17"><span class='ocrx_word' id='word_1_210' title='bbox 344 1918 413 1960; x_wconf 87' lang='lat' dir='ltr'>nis</span> <span class='ocrx_word' id='word_1_211' title='bbox 453 1919 642 1961; x_wconf 89' lang='lat' dir='ltr'>omnium</span> <span class='ocrx_word' id='word_1_212' title='bbox 681 1920 752 1962; x_wconf 91' lang='lat' dir='ltr'>hic</span> <span class='ocrx_word' id='word_1_213' title='bbox 793 1935 914 1963; x_wconf 88' lang='lat' dir='ltr'>error</span> <span class='ocrx_word' id='word_1_214' title='bbox 944 1926 1033 1975; x_wconf 87' lang='lat' dir='ltr'>est,</span> <span class='ocrx_word' id='word_1_215' title='bbox 1066 1919 1419 1975; x_wconf 88' lang='lat' dir='ltr'>quandoquidem</span> <span class='ocrx_word' id='word_1_216' title='bbox 1447 1919 1493 1962; x_wconf 93' lang='lat' dir='ltr'>in</span> <span class='ocrx_word' id='word_1_217' title='bbox 1520 1919 1696 1976; x_wconf 88' lang='lat' dir='ltr'>optimis</span> 
     </span>
     <span class='ocr_line' id='line_1_31' title="bbox 345 1974 1694 2033; baseline 0.001 -17"><span class='ocrx_word' id='word_1_218' title='bbox 345 1974 570 2018; x_wconf 82' lang='lat' dir='ltr'>codicibus</span> <span class='ocrx_word' id='word_1_219' title='bbox 602 1991 705 2018; x_wconf 89' lang='lat' dir='ltr'>vera</span> <span class='ocrx_word' id='word_1_220' title='bbox 734 1982 778 2018; x_wconf 88' lang='lat' dir='ltr'>et</span> <span class='ocrx_word' id='word_1_221' title='bbox 840 1977 996 2019; x_wconf 91' lang='lat' dir='ltr'>enuina</span> <span class='ocrx_word' id='word_1_222' title='bbox 1027 1977 1242 2032; x_wconf 88' lang='lat' dir='ltr'>scriptura</span> <span class='ocrx_word' id='word_1_223' title='bbox 1269 1982 1443 2018; x_wconf 86' lang='lat' dir='ltr'>servata</span> <span class='ocrx_word' id='word_1_224' title='bbox 1470 1976 1694 2033; x_wconf 87' lang='lat' dir='ltr'>reperitur.</span> 
     </span>
     <span class='ocr_line' id='line_1_32' title="bbox 343 2030 1693 2089; baseline 0.001 -17"><span class='ocrx_word' id='word_1_225' title='bbox 343 2030 499 2087; x_wconf 88' lang='lat' dir='ltr'>Itaque</span> <span class='ocrx_word' id='word_1_226' title='bbox 539 2047 628 2074; x_wconf 91' lang='lat' dir='ltr'>non</span> <span class='ocrx_word' id='word_1_227' title='bbox 667 2037 732 2075; x_wconf 88' lang='lat' dir='ltr'>est</span> <span class='ocrx_word' id='word_1_228' title='bbox 761 2032 819 2074; x_wconf 92' lang='lat' dir='ltr'>du</span> <span class='ocrx_word' id='word_1_229' title='bbox 851 2033 964 2087; x_wconf 79' lang='lat' dir='ltr'>ium,</span> <span class='ocrx_word' id='word_1_230' title='bbox 1005 2034 1109 2088; x_wconf 90' lang='lat' dir='ltr'>quin</span> <span class='ocrx_word' id='word_1_231' title='bbox 1150 2031 1270 2075; x_wconf 87' lang='lat' dir='ltr'>istud</span> <span class='ocrx_word' id='word_1_232' title='bbox 1300 2032 1608 2089; x_wconf 68' lang='grc' dir='ltr'><em>ἀποκριθῆναι</em></span> <span class='ocrx_word' id='word_1_233' title='bbox 1639 2033 1693 2074; x_wconf 92' lang='lat' dir='ltr'>ab</span> 
     </span>
     <span class='ocr_line' id='line_1_33' title="bbox 345 2087 1693 2145; baseline 0.001 -17"><span class='ocrx_word' id='word_1_234' title='bbox 345 2087 483 2142; x_wconf 86' lang='lat' dir='ltr'>ipsius</span> <span class='ocrx_word' id='word_1_235' title='bbox 528 2088 753 2144; x_wconf 88' lang='lat' dir='ltr'>scriptoris</span> <span class='ocrx_word' id='word_1_236' title='bbox 793 2104 922 2131; x_wconf 90' lang='lat' dir='ltr'>manu</span> <span class='ocrx_word' id='word_1_237' title='bbox 969 2090 1209 2145; x_wconf 88' lang='lat' dir='ltr'>profectum</span> <span class='ocrx_word' id='word_1_238' title='bbox 1246 2088 1302 2130; x_wconf 89' lang='lat' dir='ltr'>sit</span> <span class='ocrx_word' id='word_1_239' title='bbox 1330 2094 1460 2143; x_wconf 88' lang='lat' dir='ltr'>atque</span> <span class='ocrx_word' id='word_1_240' title='bbox 1489 2103 1570 2145; x_wconf 88' lang='lat' dir='ltr'>pro</span> <span class='ocrx_word' id='word_1_241' title='bbox 1601 2102 1693 2131; x_wconf 87' lang='lat' dir='ltr'>cer-</span> 
     </span>
     <span class='ocr_line' id='line_1_34' title="bbox 342 2143 1692 2202; baseline 0.001 -18"><span class='ocrx_word' id='word_1_242' title='bbox 342 2143 511 2185; x_wconf 88' lang='lat' dir='ltr'>tissimo</span> <span class='ocrx_word' id='word_1_243' title='bbox 549 2144 714 2186; x_wconf 86' lang='lat' dir='ltr'>fraudis</span> <span class='ocrx_word' id='word_1_244' title='bbox 753 2152 1010 2202; x_wconf 86' lang='lat' dir='ltr'>argumento</span> <span class='ocrx_word' id='word_1_245' title='bbox 1054 2145 1204 2187; x_wconf 88' lang='lat' dir='ltr'>haberi</span> <span class='ocrx_word' id='word_1_246' title='bbox 1251 2143 1435 2199; x_wconf 81' lang='lat' dir='ltr'>debeat,</span> <span class='ocrx_word' id='word_1_247' title='bbox 1482 2144 1600 2188; x_wconf 85' lang='lat' dir='ltr'>unde</span> <span class='ocrx_word' id='word_1_248' title='bbox 1638 2143 1692 2186; x_wconf 89' lang='lat' dir='ltr'>de</span> 
     </span>
     <span class='ocr_line' id='line_1_35' title="bbox 342 2201 1693 2263; baseline 0.002 -24"><span class='ocrx_word' id='word_1_249' title='bbox 342 2204 563 2263; x_wconf 79' lang='lat' dir='ltr'>tempore,</span> <span class='ocrx_word' id='word_1_250' title='bbox 596 2214 682 2254; x_wconf 92' lang='lat' dir='ltr'>quo</span> <span class='ocrx_word' id='word_1_251' title='bbox 714 2206 805 2243; x_wconf 87' lang='lat' dir='ltr'>tota</span> <span class='ocrx_word' id='word_1_252' title='bbox 832 2201 1011 2257; x_wconf 86' lang='lat' dir='ltr'>scriptio</span> <span class='ocrx_word' id='word_1_253' title='bbox 1044 2202 1100 2260; x_wconf 88' lang='lat' dir='ltr'>sit</span> <span class='ocrx_word' id='word_1_254' title='bbox 1130 2201 1398 2256; x_wconf 80' lang='lat' dir='ltr'>composita,</span> <span class='ocrx_word' id='word_1_255' title='bbox 1442 2202 1693 2244; x_wconf 86' lang='lat' dir='ltr'>coniectura</span> 
     </span>
     <span class='ocr_line' id='line_1_36' title="bbox 344 2260 552 2310; baseline 0.005 -15"><span class='ocrx_word' id='word_1_256' title='bbox 344 2260 552 2310; x_wconf 81' lang='lat' dir='ltr'>capiatur.</span> 
     </span>
    </p>

    <p class='ocr_par' dir='ltr' id='par_1_3' title="bbox 339 2310 1691 2652">
     <span class='ocr_line' id='line_1_37' title="bbox 465 2310 1691 2370; baseline 0.002 -17"><span class='ocrx_word' id='word_1_257' title='bbox 465 2310 612 2364; x_wconf 78' lang='lat' dir='ltr'>Quum</span> <span class='ocrx_word' id='word_1_258' title='bbox 671 2313 806 2370; x_wconf 82' lang='lat' dir='ltr'>igitur</span> <span class='ocrx_word' id='word_1_259' title='bbox 855 2328 944 2355; x_wconf 86' lang='lat' dir='ltr'>rem</span> <span class='ocrx_word' id='word_1_260' title='bbox 991 2313 1059 2354; x_wconf 88' lang='lat' dir='ltr'>his</span> <span class='ocrx_word' id='word_1_261' title='bbox 1108 2313 1246 2369; x_wconf 89' lang='lat' dir='ltr'>ipsius</span> <span class='ocrx_word' id='word_1_262' title='bbox 1303 2313 1529 2369; x_wconf 83' lang='lat' dir='ltr'>scriptoris</span> <span class='ocrx_word' id='word_1_263' title='bbox 1578 2313 1691 2356; x_wconf 89' lang='lat' dir='ltr'>indi-</span> 
     </span>
     <span class='ocr_line' id='line_1_38' title="bbox 342 2367 1689 2425; baseline 0.004 -18"><span class='ocrx_word' id='word_1_264' title='bbox 342 2367 420 2408; x_wconf 87' lang='lat' dir='ltr'>ciis</span> <span class='ocrx_word' id='word_1_265' title='bbox 481 2368 724 2411; x_wconf 75' lang='lat' dir='ltr'>confectam</span> <span class='ocrx_word' id='word_1_266' title='bbox 771 2369 1006 2412; x_wconf 86' lang='lat' dir='ltr'>habeamus</span> <span class='ocrx_word' id='word_1_267' title='bbox 1025 2402 1036 2423; x_wconf 83' lang='lat'>,</span> <span class='ocrx_word' id='word_1_268' title='bbox 1106 2375 1303 2425; x_wconf 79' lang='lat' dir='ltr'>superest</span> <span class='ocrx_word' id='word_1_269' title='bbox 1357 2375 1408 2412; x_wconf 89' lang='lat' dir='ltr'>ut</span> <span class='ocrx_word' id='word_1_270' title='bbox 1474 2374 1689 2424; x_wconf 82' lang='lat' dir='ltr'>quaeren-</span> 
     </span>
     <span class='ocr_line' id='line_1_39' title="bbox 340 2422 1688 2482; baseline 0.003 -18"><span class='ocrx_word' id='word_1_271' title='bbox 340 2422 442 2465; x_wconf 89' lang='lat' dir='ltr'>dum</span> <span class='ocrx_word' id='word_1_272' title='bbox 487 2424 566 2478; x_wconf 72' lang='lat' dir='ltr'>sit,</span> <span class='ocrx_word' id='word_1_273' title='bbox 607 2440 693 2480; x_wconf 88' lang='lat' dir='ltr'>quo</span> <span class='ocrx_word' id='word_1_274' title='bbox 734 2431 927 2482; x_wconf 89' lang='lat' dir='ltr'>tempore</span> <span class='ocrx_word' id='word_1_275' title='bbox 973 2425 1044 2467; x_wconf 89' lang='lat' dir='ltr'>hic</span> <span class='ocrx_word' id='word_1_276' title='bbox 1083 2425 1259 2482; x_wconf 85' lang='lat' dir='ltr'>ingenii</span> <span class='ocrx_word' id='word_1_277' title='bbox 1287 2426 1402 2469; x_wconf 81' lang='lat' dir='ltr'>fetus</span> <span class='ocrx_word' id='word_1_278' title='bbox 1428 2426 1581 2468; x_wconf 73' lang='lat' dir='ltr'>‚lucem</span> <span class='ocrx_word' id='word_1_279' title='bbox 1611 2425 1688 2468; x_wconf 85' lang='lat' dir='ltr'>ad-</span> 
     </span>
     <span class='ocr_line' id='line_1_40' title="bbox 340 2480 1686 2538; baseline 0.001 -16"><span class='ocrx_word' id='word_1_280' title='bbox 340 2480 542 2535; x_wconf 85' lang='lat' dir='ltr'>spexerit.</span> <span class='ocrx_word' id='word_1_281' title='bbox 603 2481 839 2524; x_wconf 85' lang='lat' dir='ltr'>Verissime</span> <span class='ocrx_word' id='word_1_282' title='bbox 869 2493 1014 2524; x_wconf 87' lang='lat' dir='ltr'>autem</span> <span class='ocrx_word' id='word_1_283' title='bbox 1041 2487 1243 2538; x_wconf 85' lang='lat' dir='ltr'>putamus</span> <span class='ocrx_word' id='word_1_284' title='bbox 1265 2483 1323 2524; x_wconf 73' lang='lat' dir='ltr'>A.</span> <span class='ocrx_word' id='word_1_285' title='bbox 1342 2481 1686 2525; x_wconf 81' lang='lat' dir='ltr'>Bceckhium</span> 
     </span>
     <span class='ocr_line' id='line_1_41' title="bbox 340 2536 1686 2592; baseline 0.001 -15"><span class='ocrx_word' id='word_1_286' title='bbox 340 2550 393 2577; x_wconf 81' lang='lat' dir='ltr'>ex</span> <span class='ocrx_word' id='word_1_287' title='bbox 422 2550 498 2590; x_wconf 66' lang='lat' dir='ltr'>eo,</span> <span class='ocrx_word' id='word_1_288' title='bbox 542 2537 661 2590; x_wconf 90' lang='lat' dir='ltr'>quod</span> <span class='ocrx_word' id='word_1_289' title='bbox 690 2553 732 2592; x_wconf 91' lang='lat' dir='ltr'>p.</span> <span class='ocrx_word' id='word_1_290' title='bbox 769 2539 862 2580; x_wconf 87' lang='lat'>139.</span> <span class='ocrx_word' id='word_1_291' title='bbox 897 2539 949 2580; x_wconf 93' lang='lat' dir='ltr'>B.</span> <span class='ocrx_word' id='word_1_292' title='bbox 980 2536 1030 2580; x_wconf 86' lang='lat' dir='ltr'>C.</span> <span class='ocrx_word' id='word_1_293' title='bbox 1062 2538 1117 2580; x_wconf 87' lang='lat' dir='ltr'>ad</span> <span class='ocrx_word' id='word_1_294' title='bbox 1156 2538 1550 2582; x_wconf 80' lang='lat' dir='ltr'>celebratissimum</span> <span class='ocrx_word' id='word_1_295' title='bbox 1577 2537 1686 2580; x_wconf 83' lang='lat' dir='ltr'>illud</span> 
     </span>
     <span class='ocr_line' id='line_1_42' title="bbox 339 2591 1682 2652; baseline 0.001 -19"><span class='ocrx_word' id='word_1_296' title='bbox 339 2591 616 2647; x_wconf 83' lang='lat' dir='ltr'>paradoxon:</span> <span class='ocrx_word' id='word_1_297' title='bbox 657 2594 723 2636; x_wconf 77' lang='grc' dir='ltr'>ὁτι</span> <span class='ocrx_word' id='word_1_298' title='bbox 770 2598 854 2645; x_wconf 77' lang='grc' dir='ltr'>πᾶς</span> <span class='ocrx_word' id='word_1_299' title='bbox 882 2596 1038 2652; x_wconf 72' lang='grc' dir='ltr'><em>ἄφρων</em></span> <span class='ocrx_word' id='word_1_300' title='bbox 1067 2600 1286 2650; x_wconf 76' lang='grc' dir='ltr'><em>μαίνεται,</em></span> <span class='ocrx_word' id='word_1_301' title='bbox 1318 2594 1562 2651; x_wconf 76' lang='lat' dir='ltr'>respicitur,</span> <span class='ocrx_word' id='word_1_302' title='bbox 1594 2593 1682 2636; x_wconf 87' lang='lat' dir='ltr'>col-</span> 
     </span>
    </p>
   </div>
   <div class='ocr_carea' id='block_1_3' title="bbox 382 2773 1153 2815">
    <p class='ocr_par' dir='ltr' id='par_1_4' title="bbox 382 2773 1153 2815">
     <span class='ocr_line' id='line_1_43' title="bbox 382 2773 1153 2815; baseline 0.001 -11"><span class='ocrx_word' id='word_1_303' title='bbox 382 2774 411 2811; x_wconf 81' lang='grc'>*)</span> <span class='ocrx_word' id='word_1_304' title='bbox 438 2774 480 2804; x_wconf 88' lang='lat' dir='ltr'>V.</span> <span class='ocrx_word' id='word_1_305' title='bbox 510 2773 763 2806; x_wconf 83' lang='lat' dir='ltr'>Schneider.</span> <span class='ocrx_word' id='word_1_306' title='bbox 791 2775 833 2805; x_wconf 81' lang='lat' dir='ltr'>ad</span> <span class='ocrx_word' id='word_1_307' title='bbox 866 2775 1013 2807; x_wconf 73' lang='lat' dir='ltr'>Anabas.</span> <span class='ocrx_word' id='word_1_308' title='bbox 1042 2785 1074 2815; x_wconf 92' lang='lat' dir='ltr'>p.</span> <span class='ocrx_word' id='word_1_309' title='bbox 1099 2774 1153 2809; x_wconf 79' lang='lat'>93.</span> 
     </span>
    </p>
   </div>
  </div>
 </body>
</html>
