1742 2970
326 211 408 253 292
808 208 1183 252 PLATONIS

329 328 420 368 ἐπεὶ
469 324 507 368 εἴ
552 341 596 380 γε
643 322 867 376 πύθοιτο,
915 323 984 369 ὅτι
1028 323 1050 370 ὁ
1093 323 1374 381 Ἀλκιβιάδης
1421 319 1551 376 οὗτος
1589 325 1680 368 Ινῦν

331 398 531 448 ἐπιχειρεῖ
583 393 760 449 πρῶτον
803 395 884 448 μὲν
932 395 1004 445 ἔτη
1057 391 1223 436 οὐδέπω
1273 388 1460 447 γεγονὼς
1505 389 1681 451 σφόδρα

333 458 511 511 εἴκοσιν,
549 461 696 502 ἔπειτα
733 456 1018 502 παντάπασιν
1053 457 1333 509 ἀπαίδευτος,
1370 455 1482 515 πρὸς
1511 459 1558 501 δὲ
1577 455 1683 504 τού-

333 542 448 576 τοις,
496 527 575 568 τοῦ
611 526 798 581 ἐραστοῦ
835 524 956 580 αὐτῷ
1001 527 1227 579 λέγοντος,
1269 523 1339 568 ὅτι
1378 521 1465 582 χρὴ
1507 526 1685 579 πρῶτον

334 588 552 648 μαθόντα
607 594 682 634 καὶ
726 594 1049 647 ἐπιμεληθέντα
1109 590 1250 636 αὑτοῦ
1300 593 1373 635 καὶ
1426 589 1684 644 ἀσκήσαντα

265 658 304 699 Ε
335 655 475 708 οὕτως
509 662 621 701 ἰέναι
660 659 1030 714 διαγωνιούμενον
1065 661 1256 714 βασιλεῖ,
1295 657 1374 702 οὐκ
1410 659 1568 708 ἐθέλει,
1603 655 1683 699 ἀλ·

334 722 390 768 λα’
438 740 573 784 φησιν
630 724 823 781 ἐξαρκεῖν
877 727 951 768 καὶ
997 723 1056 776 ὡς
1101 727 1206 781 ἔχει,
1264 723 1388 780 οἶμαι
1431 722 1492 768 ἂν
1542 722 1687 777 αὐτην

335 789 579 847 θαυμασαι
612 807 657 834 τε
694 793 769 834 καὶ
803 794 1010 849 ὲρέσθΝαι
1078 791 1136 835 Τι’
1172 808 1252 836 ουν
1288 790 1389 836 ποτ’
1432 793 1562 841 ἐστιν,
1586 787 1694 844 ὅτῳ

335 855 525 901 πιστεύει
575 854 624 900 τὸ
675 855 925 915 μειράκιονς
974 863 1011 901 εὶ
1046 851 1127 902 οὖν
1162 861 1379 915 λέγοιμεν,
1424 855 1496 902 ὅτι
1538 854 1687 902 κάλλει

334 940 379 966 τε
427 926 500 966 καὶ
543 925 723 978 μεγέθει
757 926 830 967 καὶ
873 929 983 978 γένει
1017 927 1091 968 καὶ
1129 923 1305 980 πλούτῳ
1337 926 1409 968 καὶ
1446 922 1574 984 φύσει
1608 925 1687 976 τῆς

335 991 502 1050 ψυχῆς,
540 987 747 1045 ἡγήσαιτ’
796 987 854 1033 ἂν
890 988 1030 1046 ἡμᾶς,
1065 984 1097 1034 ὦ
1130 989 1404 1048 Ἀλκιβιάδη,
1442 993 1687 1047 μαίνεσθαι

425 1110 498 1151 ὅτ’.
533 1117 551 1149 0‘
583 1119 885 1162 Ἀλκιβιάδης]
921 1119 979 1153 διο
1013 1121 1112 1156 Bodl.
1139 1120 1247 1156 eois!
1271 1121 1360 1177 yon.
1384 1120 1510 1155 ΞΠΣ.
1542 1121 1621 1155 Par.
1649 1120 1687 1152 c.

338 1164 436 1196 Vind.
469 1167 495 1197 1.
520 1165 551 1198 2.
578 1165 610 1199 9.
638 1165 731 1198 Flor.
760 1176 789 1200 a.
817 1167 848 1201 b.
876 1177 904 1200 c.
932 1166 964 1201 d.
990 1166 1009 1198 i.
1035 1177 1067 1200 ο.
1116 1167 1233 1209 Vulgo
1258 1164 1301 1204 ὥς
1329 1177 1390 1209 pro
1416 1165 1473 1198 ὅτι
1488 1165 1628 1208 editum,
1655 1169 1691 1198 et

338 1209 354 1241 ὁ
383 1211 548 1243 articulus
576 1211 724 1244 omissus
750 1215 822 1252 est;
851 1212 954 1244 etiam
981 1213 1085 1246 verbu
1109 1216 1170 1244 νῦν
1196 1214 1373 1256 ἐπιχειρεῖ
1382 1213 1597 1246 omittuntur.

427 1254 593 1288 οὐδέπω
622 1255 826 1299 γεγονώς]
859 1257 895 1291 V
928 1270 967 1289 οι
958 1270 1039 1300 πω,
1066 1257 1158 1300 quod
1183 1258 1248 1290 80Ιί
1274 1258 1391 1291 tenen}
1417 1258 1496 1292 Par.
1523 1256 1599 1290 EF·

429 1300 468 1332 E.
518 1312 555 1331 οι

339 1344 422 1378 Ven.
450 1345 495 1379 ll.

339 1467 420 1491 vero
453 1458 527 1490 sine
561 1467 663 1490 causa
704 1458 855 1500 reginam
895 1459 982 1492 Per-

339 1513 451 1536 sarum
479 1502 562 1535 haec
583 1503 752 1536 dicentem
778 1504 892 1537 induci
922 1517 982 1548 ap-

339 1551 438 1591 paret
465 1559 506 1581 ex
531 1559 614 1591 pag.
647 1548 720 1584 124.
746 1553 787 1582 A.

385 1637 403 1670 ό
426 1637 717 1680 Ἀλκιβιάδης
738 1654 772 1663 -·
793 1643 866 1671 νῦν
898 1641 981 1673 ἐπι-

336 1684 489 1726 χειρεῖ]
518 1684 659 1717 Fallitur
687 1686 983 1719 Buttmannus

341 1730 444 1762 verba
480 1733 538 1761 νῦν
563 1731 745 1773 ἐπιχειρεῖ,
778 1741 865 1772 quae
897 1737 981 1765 vett.

341 1774 438 1810 editt.
467 1779 610 1817 excepta
638 1776 717 1810 nas.
743 1775 775 1810 2.
807 1777 982 1819 omittunt,

306 1816 311 1820 ’
341 1819 403 1852 sed
437 1820 538 1852 codd.
572 1821 724 1863 plerique
755 1832 876 1854 omnes
903 1823 982 1856 Pla-

341 1865 412 1898 toni
441 1865 684 1907 reddiderunt,
717 1878 736 1900 e
767 1866 983 1909 glossemate

341 1911 480 1943 fluxisse
506 1911 717 1946 existimans.
751 1912 902 1946 Tantum
922 1915 982 1947 ab-

341 1960 395 1988 est
431 1957 543 1997 enim,
581 1961 618 1989 ut
649 1958 844 1999 posteriora
885 1959 982 2001 llaec,

340 2000 402 2033 οὐκ
427 2002 560 2042 ἐθέλει,
587 2001 673 2034 α’λλά
699 2016 817 2045 φησιν,
844 2015 982 2038 sensnm

342 2048 512 2089 expleant,
539 2051 578 2080 ut
602 2048 668 2080 illis
693 2050 829 2082 omissis
856 2051 983 2092 aliquid

342 2092 385 2124 ad
435 2094 703 2126 constructionis
753 2095 983 2136 integritatem

342 2136 580 2177 desideretur,
615 2138 784 2180 siquidem
812 2141 855 2172 ad
885 2151 984 2182 prae-

342 2191 462 2222 gressa
489 2183 668 2224 participia
696 2184 788 2215 ἐστὶν
818 2186 983 2218 omissum

342 2230 463 2268 putare
489 2228 662 2263 nonlicet.
712 2228 786 2261 Nec
813 2241 894 2262 vero
921 2232 985 2263 ob-

283 2281 294 2288 *
342 2281 481 2303 scutum
518 2275 590 2312 est,
629 2283 692 2306 cur
730 2277 791 2305 νῦν
822 2276 987 2319 ἐπιχειρεῖ

342 2316 376 2348 in
392 2316 521 2357 aliquot
545 2317 722 2350 codicibus
737 2319 780 2351 sit
792 2324 982 2356 extrusum.

342 2361 460 2394 Habet
493 2362 579 2395 enim
614 2362 666 2395 hic
693 2365 790 2397 locus
814 2366 980 2408 insignem

342 2406 512 2448 quandam
559 2409 827 2451 anacoluthiam,
876 2421 980 2453 quum

341 2452 446 2484 verba
469 2453 514 2483 te·
508 2465 553 2483 αι
570 2453 859 2497 διαγωνισόμενος
881 2459 982 2498 βασι-

343 2497 440 2537 λεῖ,
435 2507 536 2538 quae
567 2499 608 2530 ad
642 2500 839 2541 primarium
876 2512 982 2535 enun-

344 2542 418 2574 tiati
444 2544 635 2576 membrum
653 2547 881 2588 pertinebant,
897 2558 983 2601 pos-

344 2591 475 2621 tremae
505 2589 576 2621 eius
607 2590 693 2631 parti
735 2601 865 2625 annexa
899 2593 977 2625 sint.

343 2628 459 2666 Quum
501 2634 590 2667 enim
639 2640 820 2669 accuratus
868 2640 975 2681 stylus

342 2678 431 2710 hanc
473 2683 634 2720 posceret
672 2682 835 2714 orationis
865 2685 978 2716 conti-

342 2724 554 2757 nuationem:
586 2723 674 2767 πρὸς
703 2726 739 2758 δὲ
769 2727 909 2767 τούτοις
936 2728 975 2760 ου

341 2767 470 2812 μαθων
501 2767 579 2802 οὐδ’
612 2771 833 2813 ἐπιμεληθεὶς
863 2772 977 2806 αὑτοῦ·

547 1301 648 1343 ῗμαι
681 1314 727 1334 αν
761 1301 895 1343 αὐτην
929 1303 1186 1348 θαυμάσαι]
1221 1302 1332 1345 αὐτὴν
1363 1302 1439 1337 add.
1473 1302 1576 1336 Bodl.
1611 1304 1689 1337 Vnt.

1052 1458 1133 1492 οὐδ’
1162 1458 1334 1502 ἀσκήσας,
1370 1457 1483 1497 οὕτως
1507 1459 1589 1493 mnu
1614 1459 1689 1492 ‹laa-

1052 1504 1278 1547 γωνιὸιίμειός
1299 1506 1453 1548 βασιλεῖ,
1478 1508 1614 1539 mutato
1638 1505 1690 1539 in·

1052 1551 1096 1583 de
1122 1562 1140 1583 a
1173 1551 1286 1583 verbis
1318 1553 1385 1584 τοῦ
1413 1551 1562 1593 ἐράστοῦ
1595 1548 1691 1594 αὐτῷ

1052 1597 1212 1639 λέγοντος
1242 1596 1411 1629 sermonis
1442 1601 1580 1636 tenore,
1621 1597 1691 1639 pri-

1052 1642 1194 1675 marium
1223 1642 1361 1675 verbum
1393 1641 1688 1675 insecundariam

1051 1687 1240 1720 sententiae
1277 1691 1410 1729 partem
1448 1687 1598 1725 relicitur
1630 1697 1691 1720 eo-

1051 1732 1199 1774 demque
1247 1734 1350 1774 ‘pacto
1398 1733 1448 1765 sic
1499 1733 1691 1766 absolvitur

1019 1816 1021 1818 ,
1052 1778 1184 1818 oratio,
1224 1781 1264 1810 ut
1293 1777 1356 1810 οὐκ
1389 1777 1504 1810 ἐθέλει
1532 1778 1690 1821 princeps

1051 1823 1191 1855 verbum
1224 1822 1411 1864 habeatur,
1443 1823 1500 1856 cui
1528 1823 1690 1866 deinceps

1052 1868 1283 1911 adiunguntur
1336 1870 1436 1902 etiam
1489 1869 1686 1911 sequentia:

1052 1913 1139 1946 ἄλλοί
1179 1922 1298 1957 φησιν·
1338 1914 1486 1958 ἐξαρκεῖν
1521 1926 1549 1949 κ.
1588 1926 1620 1949 τ.
1660 1914 1691 1948 ³..

1055 1959 1291 1993 Anacoluthon
1310 1959 1411 2002 igitur
1425 1960 1495 1993 tale
1510 1964 1576 2000 est,
1597 1960 1690 2002 quod

1053 2006 1224 2040 neminem
1256 2005 1428 2046 offendat,
1462 2006 1522 2047 qui
1564 2011 1690 2047 quanta

1053 2051 1180 2083 Graeci
1211 2050 1276 2083 hoc
1308 2051 1344 2083 in
1380 2060 1509 2092 genere
1538 2051 1590 2083 usi
1623 2051 1691 2083 sint

1052 2096 1223 2137 libertate,
1250 2094 1453 2128 meminerit.
1489 2095 1612 2129 Verum
1631 2106 1688 2128 sa-

1051 2141 1094 2173 tis
1127 2140 1211 2173 haec
1245 2140 1290 2173 de
1319 2140 1426 2173 totius
1459 2141 1523 2174 lo'ci
1549 2141 1690 2174 confor-

1050 2186 1212 2219 matione.
1262 2186 1444 2228 Reliquum
1460 2190 1526 2226 est,
1552 2190 1588 2219 ut
1613 2197 1690 2226 mo·

1048 2241 1190 2264 neamus
1215 2230 1259 2263 de
1284 2231 1435 2273 singulis.
1475 2232 1595 2274 ltaque
1620 2233 1690 2274 prl-

1049 2286 1141 2309 mum
1190 2276 1330 2318 quidem
1386 2277 1550 2311 observes
1595 2277 1688 2310 istud

1051 2321 1214 2355 οὐδέπω
1267 2320 1454 2365 σφόδρα,
1501 2322 1594 2364 quod
1635 2327 1689 2356 est

1049 2366 1239 2400 nondum
1271 2377 1376 2401 saue
1401 2369 1474 2403 sive
1498 2365 1687 2408 viridum,

1048 2422 1246 2454 quanquam
1287 2413 1351 2447 hoc
1393 2413 1532 2456 quidem
1577 2413 1686 2446 minua

1049 2459 1223 2500 aliquanto
1255 2457 1417 2501 ponderi·
1449 2458 1550 2491 nabet
1581 2468 1685 2500 quam

1049 2504 1185 2536 Graeca
1222 2503 1338 2537 dictio.
1403 2503 1534 2537 Deinde
1576 2502 1688 2542 οὕτως

1048 2553 1128 2591 post
1166 2549 1342 2591 participia
1387 2550 1516 2583 illatum
1560 2547 1683 2590 habes,

1046 2594 1088 2627 de
1112 2605 1179 2636 qua
1198 2594 1362 2636 loquendi
1374 2593 1493 2627 ‘forma
1511 2593 1554 2626 ad
1572 2594 1684 2635 Phae-

1046 2639 1122 2672 don.
1160 2651 1193 2683 p.
1217 2638 1271 2674 61.
1298 2639 1337 2674 C.
1370 2643 1404 2673 et
1436 2639 1514 2672 alibi
1549 2641 1684 2672 monui-

1046 2695 1131 2717 mus.
1180 2685 1282 2720 Quae
1306 2685 1352 2718 ait
1366 2686 1442 2719 eius
1465 2685 1552 2718 ratio
1579 2690 1683 2728 atque

1045 2740 1171 2770 causa,
1202 2730 1302 2763 facile
1326 2733 1381 2763 est
1403 2730 1447 2763 ad
1476 2731 1683 2773 perspicien-

1045 2775 1126 2810 dum
1151 2785 1311 2809 sermone
1334 2775 1383 2808 ita
1411 2776 1602 2818 explicato:
1626 2775 1683 2808 ὁίι
