1754 2964
332 252 410 292 114
714 242 1199 288 PROLEGOMENA
1234 239 1288 282 ad

330 363 519 403 iunctam
560 357 706 400 videat
745 357 850 399 nihil
890 371 984 399 esse
1026 354 1143 397 aliud
1182 354 1267 397 nisi
1295 353 1399 396 boni
1439 355 1483 393 et
1511 349 1684 400 honesti

331 416 624 473 cognitionem
661 430 759 457 cum
806 420 924 456 certa
975 411 1107 454 officii
1155 409 1438 467 persuasione
1491 406 1600 450 recti
1629 420 1684 450 ue

331 471 596 516 conscientia
635 471 933 523 coniunctam,
974 474 1023 510 ut
1060 468 1105 510 in
1151 467 1236 509 alia
1281 465 1426 508 omnia
1474 462 1567 507 disc
1625 468 1684 505 at.

333 528 465 583 Quod
503 528 539 571 si
579 533 855 583 perspectum
892 524 1116 575 habuisset
1158 523 1378 578 Aetius,
1427 526 1543 564 certe
1596 534 1686 562 non

333 591 425 627 erat
454 585 695 640 scripturus
727 582 846 639 quod
874 598 917 638 p.
947 583 1045 624 424.
1075 580 1400 638 pronuntiavit,
1441 583 1685 633 temperan-

332 643 436 684 tiam
467 641 550 683 hoc
579 641 676 682 loco
709 640 776 682 sui
807 638 1056 695 cognitione
1098 636 1268 679 definiri
1299 649 1480 692 eamque
1504 638 1685 676 'senten-

331 699 434 740 tiam
466 713 492 739 a
519 696 718 739 Platonis
739 695 936 738 doctrina
956 709 1050 737 esse
1080 693 1276 736 alienam.
1325 692 1440 735 Nam
1455 695 1549 737 tota
1576 689 1684 732 haec

332 753 573 810 disputatio
601 768 623 795 e
653 752 893 794 rationibus
924 751 1145 794 doctrinae
1177 748 1425 792 Socraticae
1453 744 1688 791 iudicanda

332 818 420 863 est,
444 825 573 864 quam
610 809 737 851 Plato
767 809 861 851 sine
881 806 1012 851 dubio
1044 823 1131 863 quo
1163 812 1360 862 tempore
1378 804 1487 847 haec
1514 801 1689 860 scripsit

332 865 528 909 studiose
570 865 831 908 sectabatur.
900 865 1002 907 Huc
1033 863 1223 918 accedit,
1265 861 1383 918 quod
1422 860 1605 905 scientia
1631 873 1687 902 ne

331 922 577 978 seiungitur
615 920 790 975 quidem
831 920 884 962 ab
924 920 1117 974 actione,
1155 925 1205 962 ut
1235 918 1460 963 Socratica
1489 917 1688 961 doctrina

334 978 417 1020 hac
449 993 502 1020 ex
531 983 655 1033 parte
684 976 887 1018 tacillime
920 981 1051 1032 queat
1081 975 1303 1018 conciliari
1331 990 1429 1018 cum
1457 976 1535 1030 iis,
1575 989 1687 1030 quae

334 1035 462 1077 Plato
503 1039 656 1090 postea
695 1033 902 1089 temporis
942 1031 995 1075 de
1026 1034 1322 1091 σωφροσύνης
1347 1032 1525 1076 notione
1554 1047 1688 1089 expo-

335 1091 422 1134 suit
453 1089 640 1132 Phaedr.
670 1105 712 1145 p.
743 1089 834 1132 237.
868 1089 922 1131 E.
957 1087 1090 1142 δόξης
1118 1092 1199 1144 μὲν
1231 1085 1311 1133 οὖν
1330 1094 1400 1132 ἐπι
1430 1093 1481 1132 το
1501 1092 1688 1147 ἄριστον

333 1147 452 1202 λόγῳ
496 1147 692 1200 ἀγούσης
731 1150 803 1188 καὶ
838 1144 1109 1201 κρατούσης,
1141 1149 1217 1201 τῷ,
1235 1145 1386 1201 κράτει
1416 1143 1687 1205 σωφροσύνη

335 1202 493 1258 ὄνομα·
525 1204 772 1258 ἐπιθυμίας
802 1203 849 1245 δὲ
878 1201 1051 1258 ἀλόγως
1079 1201 1290 1255 ἑλκούσης
1319 1205 1389 1246 ἐπὶ
1419 1200 1585 1256 ἡδονὰς
1614 1206 1688 1246 καὶ

334 1259 529 1315 ἀρξάσης
559 1264 604 1301 ἐν
636 1257 756 1314 ἡμῖν,
788 1261 841 1318 τῇ
871 1258 983 1319 ἀρχῇ
1010 1259 1140 1316 ὕβρις
1179 1258 1500 1316 ἐπωνομάσθη.
1560 1258 1688 1318 Sym-

334 1331 429 1374 pos.
459 1332 501 1372 p.
537 1316 633 1357 196.
673 1313 723 1357 C.
756 1315 866 1358 εἶναι
898 1314 981 1373 γὰρ
1010 1315 1294 1372 ὁμολογεῖται,
1326 1315 1596 1374 σωφροσύνη
1635 1317 1686 1358 τὸ

336 1381 513 1428 κρατεῖν
543 1371 717 1424 ἡδονῶν
749 1374 821 1414 καὶ
853 1374 1120 1427 ἐπιθυμιῶν.
1180 1373 1250 1416 De
1269 1373 1379 1430 Rep.
1407 1373 1493 1417 III.
1513 1390 1558 1432 p.
1588 1373 1686 1417 389.

334 1430 391 1472 Ι).
434 1427 490 1470 E.
521 1443 587 1484 sq.
627 1428 708 1471 IV.
748 1444 791 1485 p.
821 1429 919 1471 430.
951 1428 1002 1472 C.
1034 1454 1087 1460 —
1117 1429 1171 1472 E.
1243 1462 1253 1471 .
1282 1431 1380 1475 432.
1412 1432 1468 1474 A.
1505 1446 1550 1487 p.
1589 1431 1687 1474 442.

337 1485 388 1528 C.
430 1486 487 1528 D.
547 1485 724 1550 Etenim
762 1500 815 1527 ne
851 1486 1092 1542 posteriore
1131 1446 1306 1542 quidem
1336 1493 1529 1545 tempore
1559 1487 1687 1531 Plato

335 1547 665 1599 temperant1am
702 1542 883 1583 rationis
906 1542 1103 1599 'imperio
1143 1558 1299 1586 vacare
1341 1559 1472 1601 posse
1502 1545 1686 1599 censuit,

338 1613 599 1654 quamquam
619 1613 729 1653 eam,
763 1604 813 1640 ut
850 1614 1018 1641 omnem
1035 1599 1252 1653 virtutem,
1274 1615 1361 1643 non
1382 1607 1470 1643 tam
1491 1601 1688 1658 scientia,

337 1671 464 1710 quam
495 1655 650 1702 mentis
679 1654 864 1708 quadam
905 1656 945 1698 vi
978 1661 1021 1697 et
1048 1656 1203 1698 robore
1230 1656 1347 1699 illius
1375 1657 1495 1700 iussa
1525 1665 1570 1700 et
1598 1658 1689 1702 dic-

335 1717 428 1753 tata
465 1711 510 1752 in
550 1711 829 1753 moderandis
868 1712 996 1753 animi
1038 1711 1266 1755 affectibus
1305 1720 1349 1756 et
1377 1714 1687 1771 cupiditatibus

335 1782 455 1809 exse(
471 1767 611 1810 uentis
651 1767 864 1809 contineri
900 1768 1123 1811 iudicavit.
1191 1769 1349 1825 Itaque
1377 1770 1603 1815 Phaedon.
1643 1788 1686 1830 p.

338 1825 405 1889 68.
487 1857 496 1866 .
535 1840 586 1890 p.x
611 1824 769 1891 823B.
818 1827 897 1877 την
941 1825 1187 1880 ὸημοτικήν
1236 1843 1280 1869 τε
1336 1831 1409 1871 καὶ
1457 1831 1688 1884 πολιτικην

335 1897 528 1945 annm),-
558 1886 614 1945 ἠν
654 1885 707 1932 ὄη
738 1882 923 1924 καλοῦσι
953 1882 1250 1941 σωφροσύνην
1279 1899 1324 1925 τε
1356 1887 1430 1928 καὶ
1461 1886 1687 1931 δικαιοσύ-

336 1952 442 2005 ννην,
487 1935 596 2002 dic1t
633 1937 686 1990 ἐξ
727 1939 907 1988 ἔθους
941 1955 994 1981 τε
1036 1942 1128 1982 καὶ
1172 1941 1411 1994 μελέτης
1454 1951 1689 1998 γεγονυῖαν

336 2009 463 2057 (mrsu
505 1996 875 2050 φιλοσοφίας
921 1999 1119 2040 nsua)
1152 1997 1275 2051 νοῦ,
1323 2012 1462 2053 eoque
1513 2001 1687 2044 nomine

294 2075 296 2077 ·
336 2049 452 2089 illam
485 2063 510 2090 a
538 2064 641 2090 vera
669 2049 920 2106 philosophi
947 2051 1107 2094 virtute
1137 2051 1351 2095 diversam
1381 2068 1475 2097 esse
1506 2055 1687 2100 arbitra-

337 2111 432 2158 tur,
474 2119 602 2158 quam
642 2106 897 2148 sententiam
936 2107 1063 2149 etiam
1104 2108 1173 2149 De
1204 2108 1312 2164 Rep.
1341 2109 1402 2154 X.
1432 2127 1475 2167 p.
1507 2112 1603 2156 619.
1635 2113 1686 2157 C.

338 2158 625 2202 adumbravit.
683 2163 833 2216 Atque
872 2163 939 2205 his
970 2164 1032 2205 ita
1061 2164 1287 2220 expiicatis
1318 2165 1445 2208 facile
1474 2167 1687 2213 iudicabi-

338 2223 432 2268 tur,
479 2215 584 2269 quid
615 2215 668 2258 de
699 2232 772 2272 ea,
805 2233 915 2273 quae
947 2219 1106 2262 deinde
1136 2220 1349 2277 agitatur,
1392 2222 1687 2280 disputatione

337 2271 616 2336 statuendum
662 2273 728 2315 sit.
813 2275 1099 2318 Revertamur
1145 2277 1277 2334 igitur
1321 2278 1376 2320 ad
1413 2276 1516 2323 ⁴eius
1563 2297 1686 2326 enar-

337 2332 560 2369 rationem.

413 2420 417 2423 ,
449 2383 606 2438 Itaque
642 2384 845 2429 Socrates
877 2386 931 2428 ad
964 2385 1167 2430 Critiam:
1208 2389 1329 2446 Ergo
1359 2396 1432 2447 tn,
1463 2392 1628 2451 inquit,
1659 2413 1685 2440 o

337 2439 472 2494 bone,
511 2443 838 2497 temperantiam
879 2457 1030 2487 censes
1069 2445 1250 2488 scientia
1291 2461 1386 2489 esse
1425 2457 1684 2497 contentam.

338 2494 625 2561 Quum-vero
666 2499 781 2540 omni
823 2500 1028 2542 scientiae
1068 2507 1112 2542 et
1150 2501 1418 2559 disciplinae'
1435 2506 1599 2562 aliquid
1629 2510 1686 2552 sit

336 2564 604 2608 propositum
616 2585 638 2617 ,ο
667 2553 709 2595 in
762 2570 847 2608 quo
890 2556 1121 2599 efficiendo
1170 2571 1376 2613 tanquam
1426 2562 1556 2618 op'ere
1604 2581 1683 2608 suo

337 2613 557 2662 versetur,
598 2608 667 2650 dic
710 2611 837 2665 mihi,
882 2627 1065 2667 quaeso,
1108 2614 1213 2668 quid
1251 2614 1425 2658 tandem
1462 2619 1573 2662 illud
1611 2622 1666 2664 sit

339 2662 457 2758 guod
497 2666 764 2725 σωφροσύνῃ
804 2668 1045 2710 subiectum
1094 2671 1238 2724 putari
1284 2670 1452 2716 debeat.
1535 2654 1685 2734 Negat

378 2725 498 2782 ritias
530 2720 709 2762 eandem
743 2737 836 2765 esse
872 2725 1059 2766 omnium
1090 2727 1246 2768 artium
1276 2741 1326 2769 ac
1357 2727 1682 2786 disciplinarum

338 2780 565 2829 ratlonem,
592 2777 804 2831 siquidem
826 2779 1110 2836 arithmetica,
1141 2783 1391 2839 geometria,
1422 2787 1546 2842 aliae,
1577 2789 1682 2832 nihil
