1754 2964
333 217 386 258 20
720 209 1197 254 PROLEGOMENA
1231 209 1284 250 ad

334 326 534 369 ciendum
567 324 819 378 statuisset,
859 330 907 365 ut
937 322 1170 378 aliquando
1202 322 1372 364 virtutis
1405 320 1679 365 ‹at-*honesta-

334 385 391 426 tis
430 396 584 425 caussa
624 397 649 424 a
689 381 833 437 pravis
874 396 1020 422 eorum
1051 378 1210 421 studiis
1245 377 1572 432 vindicaretur-‚⁴-
1603 378 1678 433 qui

337 456 427 482 eam
466 454 545 491 sua
588 438 746 481 mentis
787 437 1003 492 animique
1044 436 1326 493 perversitate
1364 435 1409 478 in
1432 433 1680 479 maximum

338 496 580 539 discrimem
612 494 914 548 coniecissent,
947 509 1025 550 pro
1049 493 1212 550 ingenii
1243 491 1309 535 sui
1328 491 1526 536 acumine
1551 489 1680 533 facile

337 552 582 611 perspexit,
613 552 698 595 tria
725 551 995 608 potissimum
1027 549 1196 607 agenda
1225 563 1336 603 esse,
1368 563 1455 604 quo
1483 546 1683 604 proposi-

337 616 429 653 tum
467 624 592 652 suum
634 614 951 663 assequeretur.
1010 607 1200 650 Primum
1241 605 1353 648 enim
1383 602 1683 662 castigandum

341 681 528 710 errorem
558 680 655 709 esse
685 664 796 707 vidit
821 664 1027 707 latissime
1057 662 1324 719 divulgatum
1353 667 1399 704 et
1427 659 1684 718 asophistis

341 723 493 767 sedulo
530 728 837 780 propagatum,
876 737 962 776 quo
1000 721 1060 762 ita
1099 719 1193 762 fieri
1224 719 1405 768 solebat,
1433 715 1686 774 utsii-tutis

339 779 546 823 iudicium
591 794 677 822 non
716 793 739 821 e
768 778 959 832 ratione,
992 776 1070 820 sed
1098 776 1245 833 potius
1277 791 1300 818 e
1330 774 1686 828 sensibns÷‚atque

340 837 455 879 vitae
486 841 688 879 externae
721 850 802 878 usu
845 839 1115 891 repeteretur
1152 831 1349 888 adeoque
1377 830 1522 874 variae
1552 828 1606 872 de
1636 844 1687 870 ea

344 893 571 948 opiniones
611 907 664 934 ex
703 891 789 934 isto
829 891 949 933 sonte
987 890 1167 935 haustae
1208 904 1305 932 cum
1342 887 1593 931 notionibus
1634 900 1687 927 ex

346 949 547 991 aeternis.
569 948 697 990 animi
734 947 910 989 humani
938 947 1108 1003 legibus
1138 944 1332 1000 oriundis
1370 944 1478 994 male
1508 943 1688 987 confun-

346 1005 563 1047 derentur.
623 1003 755 1058 Quod
785 1002 960 1058 quidem
991 1017 1041 1045 ea
1062 1001 1229 1058 peregit
1248 1001 1431 1055 ratione,
1455 1006 1510 1047 ut
1529 1005 1691 1065 quanta

345 1068 460 1104 esset
497 1061 756 1104 iudiciorum
798 1062 980 1102 istorum
1011 1059 1163 1101 levitas
1213 1063 1259 1100 et
1295 1057 1602 1110 inconstantia,
1631 1056 1691 1096 ita

333 1119 681 1171 demonstraret,
721 1122 771 1158 ut
808 1117 1032 1159 Socratem
1061 1114 1286 1157 induceret
1313 1120 1467 1172 argute
1487 1125 1549 1155 ‘ea
1575 1112 1690 1154 refu-

347 1182 510 1217 tantem
538 1180 666 1229 atque
695 1173 1020 1226 convellentem,
1052 1186 1190 1227 eoque
1227 1169 1356 1213 modo
1378 1173 1527 1225 qnam*
1545 1184 1597 1212 ea
1626 1169 1691 1210 in-

349 1238 466 1274 certa
505 1246 556 1273 ac
596 1230 768 1272 fallacia
808 1235 976 1283 essent,
1017 1228 1216 1271 omnibus
1255 1227 1398 1284 palam
1422 1225 1690 1274 «declararet.

348 1289 582 1331 Praeterea
623 1302 725 1330 vero
767 1287 896 1328 etiam
936 1285 1018 1328 sibi
1058 1284 1275 1342 persuasit
1303 1282 1359 1325 ad
1390 1281 1692 1326 vindicandam

351 1351 402 1388 ac
444 1343 760 1389 defendendam
799 1343 969 1385 virtutis
1009 1356 1207 1385 caussam
1245 1355 1355 1406 opus
1383 1354 1478 1383 esse
1505 1338 1614 1394 hoc,
1645 1344 1695 1380 ut

352 1402 454 1444 dum
485 1416 603 1444 error
631 1400 703 1442 ille
735 1397 1199 1457 exagitaretur,=simul
1228 1403 1356 1440 etiam
1375 1396 1693 1454 pictus-atquae-

353 1459 450 1500 dam
491 1464 553 1502 et,
576 1458 719 1515 imago
762 1457 980 1513 captiosae
1009 1455 1133 1498 istius
1165 1461 1208 1497 et
1238 1470 1284 1498 ar
1316 1458 1425 1497 utae»
1443 1450 1693 1496 dialecticae

352 1515 655 1568 exhiberetur,
690 1514 824 1556 cuius.
845 1513 1011 1569 laqueis
1042 1512 1173 1568 vulgo
1205 1469 1426 1568 sophistae
1465 1521 1596 1566 quum
1623 1523 1693 1552 se-

353 1578 441 1615 met
477 1572 597 1628 ipsos
626 1577 719 1613 tum
757 1569 863 1612 alios
894 1583 1067 1625 quoque
1097 1567 1490 1633 i1·retirent,feique
1518 1565 1590 1609 vel
1617 1581 1696 1622 op-

355 1634 591 1684 poneretur
619 1627 687 1669 vel
717 1626 1026 1683 adiungeretur
1054 1625 1163 1667 ratio
1193 1623 1433 1667 disserendi
1453 1621 1693 1673 Socratica,

356 1700 465 1740 quae
496 1700 627 1740 quum
655 1684 748 1726 veri
776 1683 966 1738 rectique
995 1682 1198 1724 notiones
1224 1681 1269 1722 in
1296 1680 1448 1723 animis
1477 1678 1694 1723 involutas

355 1743 532 1784 eliceret
561 1746 692 1795 atque
721 1740 955 1797 explicaret
971 1772 983 1795 ,
1015 1746 1107 1781 tum
1136 1737 1330 1780 homines
1360 1735 1414 1779 ad
1443 1736 1695 1792 veri-‘quae-

356 1798 479 1842 rendi
510 1797 702 1840 studium
730 1796 908 1849 mirifice
938 1795 1159 1838 excitaret.
1216 1793 1270 1837 In
1332 1808 1388 1837 uo
1418 1792 1694 1836 callidissime

356 1857 415 1897 ita
446 1861 654 1898 versatus
680 1859 773 1908 est,
812 1858 862 1895 ut
891 1852 1128 1909 captiosam
1165 1850 1284 1894 illam
1344 1847 1564 1906 'sputandi
1585 1863 1696 1892 con-

355 1911 630 1955 suetudinem
651 1909 809 1953 festiva
827 1909 1064 1951 imitatione
1094 1907 1355 1963 expresserit
1390 1916 1529 1962 eoque
1568 1903 1697 1949 modo

356 1985 451 2022 eos,
484 1968 557 2024 qui
587 1967 662 2009 illa
691 1973 936 2020 uterentur,
984 1966 1073 2007 suis
1102 1970 1320 2018 tamquam
1349 1962 1540 2018 ipsorum
1570 1961 1697 2003 armis

358 2024 700 2081 oppugnaverit,
742 2022 944 2064 assumtis
981 2021 1026 2062 in
1055 2019 1260 2062 auxilium
1290 2017 1538 2062 Socraticae
1567 2017 1699 2060 ratio-

358 2097 425 2123 nis
455 2079 684 2137 praesidiis
716 2085 759 2121 et
789 2076 1061 2119 adiumentis.
1113 2075 1316 2130 Denique
1344 2089 1446 2116 vero
1477 2073 1607 2116 etiam
1625 2087 1698 2115 ve·
1753 2093 1754 2103 ¹

358 2153 452 2179 rum
491 2137 663 2179 virtutis
703 2134 963 2193 principium
1007 2139 1051 2175 et
1097 2131 1423 2174 fundamentum
1471 2128 1698 2173 ostendere

359 2199 537 2236 conatus
587 2199 655 2235 est
718 2191 910 2249 positum
957 2203 1050 2232 esse
1085 2188 1129 2230 in
1188 2187 1369 2231 scientia
1411 2192 1455 2229 et
1498 2186 1700 2229 interiore
1753 2191 1754 2238 j

360 2251 490 2293 animi
529 2251 834 2306 persuasione,
882 2261 990 2302 quae
1031 2260 1125 2287 eam
1158 2244 1336 2287 haberet
1362 2243 1472 2298 vim,
1503 2248 1554 2287 ut
1576 2241 1700 2299 quod

362 2308 459 2362 quis
501 2321 674 2360 verum,
714 2307 876 2349 bonum
917 2309 960 2345 et
997 2302 1227 2344 honestum
1270 2315 1365 2343 esse
1404 2300 1487 2349 sibi
1523 2313 1701 2356 persua·
1753 2296 1754 2302 ’

361 2365 503 2418 sisset,
534 2363 579 2405 id
610 2364 739 2405 etiam
767 2363 812 2404 in
843 2358 1015 2418 agendo
1046 2363 1318 2412 sequeretur,
1349 2354 1699 2412 quandoquidem

363 2421 561 2472 virtutem
598 2419 807 2462 iudicavit
851 2419 896 2460 in
934 2415 1048 2458 vitae
1085 2421 1130 2457 et
1175 2414 1357 2456 actionis
1403 2427 1499 2455 cum
1535 2411 1701 2454 ratione

364 2484 492 2533 atque
532 2475 751 2519 intellectu
793 2471 1078 2518 consensione
1118 2485 1212 2513 esse
1242 2475 1498 2514 contentam.
1557 2466 1701 2522 Quam

365 2532 538 2589 quidem
581 2533 840 2574 sententiam
880 2532 967 2573 fere
1009 2527 1065 2570 ad
1094 2526 1382 2570 ludificandos
1415 2540 1513 2580 eos,
1555 2524 1703 2580 quiin

365 2590 488 2632 vanis
511 2589 784 2646 opinionibus
813 2588 1036 2630 haererent
1066 2584 1354 2639 virtutemque
1383 2597 1436 2626 ex
1462 2581 1559 2624 unis
1588 2581 1703 2623 vitae

367 2652 564 2688 externae
600 2646 838 2688 rationibus
883 2643 1125 2686 iudicarent
1140 2674 1152 2695 ,
1184 2640 1402 2691 adhibuit,
1434 2636 1703 2694 quandoqui—

367 2703 463 2745 dem
505 2708 645 2744 mente
676 2717 754 2744 sua
790 2700 941 2743 callide
981 2699 1119 2741 celata
1161 2703 1236 2739 aut
1273 2696 1496 2748 obscurius
1524 2698 1703 2736 'tantum

368 2759 610 2815 significata
647 2759 877 2811 virtutem,
930 2763 1141 2812 quatenus
1182 2753 1361 2796 scientia
1398 2750 1701 2801 contineretur,
