1742 2970
563 207 1066 254 enarrans
1428 210 1484 252 m

127 325 214 371 rat,
244 318 457 364 Platonem
487 321 656 377 cratylo
684 325 1012 379 συγγενέσθαι,
1042 325 1122 365 hoc
1154 330 1219 365 est
1249 327 1335 367 eius
1364 339 1482 369 usum
1537 329 1547 379 ἶ

128 386 227 419 esse
255 381 512 421 institutione
543 386 586 421 et
615 383 851 436 discipilum
892 397 942 424 ex
980 391 1060 437 qu'o
1086 383 1305 425 cavendum
1336 389 1401 425 est
1428 399 1481 426 ue

126 442 326 490 protenus
354 439 589 479 interiorem
612 441 809 492 quandam
848 442 1060 482 amicitiam
1091 447 1135 481 et
1163 441 1481 484 familiaritatem

126 494 238 534 inter
265 500 482 549 utrumque
522 497 654 537 locum
692 499 886 539 habuisse
921 499 1172 552 colligamus,
1231 500 1336 550 Quid
1366 513 1480 550 vero,

126 552 164 592 si
191 551 310 592 Plato
340 557 486 606 postea
514 553 689 595 hominis
718 557 1016 597 institutionem
1046 569 1125 598 non
1156 559 1289 609 magni
1314 558 1479 608 fecerit,

125 609 343 663 ipsumque
377 615 550 664 propter
583 613 845 666 pertinaciam
873 618 917 654 et
945 615 1162 655 vanitatem
1192 617 1477 666 contemserit,

124 667 271 707 fierine
307 672 393 708 tum
423 670 584 722 potuit,
624 675 673 711 ut
709 684 800 712 eum
830 676 1016 724 tanquam
1046 673 1282 712 insanientis
1313 675 1474 726 sapien-

122 724 207 764 tiae
234 730 456 767 amatorem
486 739 576 767 cum
605 729 690 769 risu
720 734 765 769 et
792 730 1046 770 cavillatione
1076 730 1343 771 traduceret?
1399 731 1475 771 At-

123 793 205 835 que
232 781 312 823 hoc
342 784 399 823 ita
428 784 583 825 factum
613 799 706 825 esse
735 788 852 827 nobis
881 787 1036 840 Cratyli
1075 788 1290 841 imaginem
1327 789 1368 828 in
1397 801 1474 829 co-

119 840 310 893 gnomine
346 840 454 882 libro
498 845 751 896 propositam
780 845 1030 885 intuentibus
1057 845 1362 898 haudquaquam
1399 845 1474 886 ‹lu-

119 896 232 950 bium
259 898 430 940 videtur.
489 899 568 940 Est
610 903 715 942 cuim
744 902 934 956 cratylus
965 903 1068 943 adeo
1097 903 1256 942 deditus
1287 903 1473 944 Heracli-

121 959 282 995 teorum
312 957 480 1006 rationi,
510 963 556 998 ut
585 959 777 1011 quidquid
805 974 828 999 a
858 960 1029 1000 Socrate
1054 961 1281 1014 ineptarum
1312 967 1470 1014 etymo-

119 1012 318 1065 logiarum
361 1015 403 1055 iu
443 1015 622 1056 medium
668 1016 863 1067 affertur,
907 1017 950 1057 id
989 1019 1130 1058 statim
1181 1031 1349 1060 assensu
1394 1030 1472 1060 suo

118 1071 374 1124 comprobet,
402 1072 524 1112 modo
553 1086 688 1115 rerum
711 1075 861 1116 fluxum
890 1079 934 1115 et
960 1076 1268 1116 inconstantiam
1297 1088 1471 1129 arguere

117 1127 314 1169 videatur.
372 1129 595 1171 Praeterea
625 1132 727 1172 adeo
765 1138 831 1173 est
861 1138 1180 1173 commentorum
1211 1146 1375 1174 suorum
1404 1139 1468 1174 te-

118 1197 218 1237 nax,
245 1190 292 1227 ut
320 1198 517 1240 nusquam
549 1188 602 1229 de
630 1191 832 1230 sententia
862 1202 934 1229 sua
961 1190 1160 1239 decedat,
1188 1191 1229 1230 id
1259 1190 1364 1242 quod
1394 1204 1467 1232 ne-

115 1244 268 1285 minem
303 1246 550 1298 praeteribit
585 1246 678 1296 illa,
712 1260 822 1300 -quae
858 1247 953 1287 inde
990 1261 1013 1287 a
1049 1262 1089 1300 p.
1125 1248 1222 1288 427.
1251 1247 1301 1288 Ε.
1335 1248 1468 1289 disse-

115 1305 287 1354 runtur,
323 1306 483 1343 attente
516 1302 813 1357 perlegentem.
871 1304 975 1356 quid
1016 1305 1121 1358 quod
1162 1310 1344 1346 extremo
1383 1306 1468 1346 dia-

114 1357 240 1413 logo,
268 1363 534 1414 posteaquam
562 1361 754 1402 Socrates
782 1362 983 1403 Heracliti
1023 1363 1074 1403 de
1106 1364 1366 1404 fluctuatione
1394 1378 1468 1405 re·-

113 1429 204 1458 rum
244 1415 455 1460 docrinae
492 1421 687 1472 opposuit
723 1434 836 1461 suam
875 1420 941 1459 vel
971 1421 1108 1473 potius
1139 1421 1384 1462 Platonicam
1416 1422 1468 1460 de

113 1474 217 1516 ideis
247 1477 516 1525 senteutiam,
558 1478 637 1517 sibi
664 1479 721 1517 ait
750 1478 859 1517 illius
890 1479 1089 1518 rationem
1119 1479 1175 1518 ita
1203 1479 1391 1531 probari,
1420 1484 1468 1519 ut

112 1532 168 1572 de
205 1533 294 1574 eius
327 1534 576 1587 praestantia
610 1548 688 1575 nec
727 1549 832 1576 nuuc
871 1535 1031 1576 dubitet
1065 1549 1142 1576 uec
1180 1536 1360 1578 fortasse
1389 1551 1467 1577 uu·

113 1602 234 1644 quam
272 1591 327 1631 sit
361 1591 630 1635 dubitaturus.
698 1592 883 1646 Denique
921 1593 1046 1634 homo
1067 1594 1178 1633 ‘adeo
1215 1593 1381 1635 hebetis
1423 1597 1468 1634 et

113 1648 254 1688 obtusi
285 1649 437 1702 ingenii
480 1654 568 1698 est,
609 1653 656 1690 ut
685 1664 791 1704 quae
818 1665 842 1690 a
871 1650 1042 1691 Socrate
1079 1657 1362 1705 proponuntur
1396 1664 1466 1692 vo-

113 1704 348 1747 cabalorum
378 1708 689 1760 originationes,
729 1722 798 1750 eas
837 1709 1038 1749 irrisionis
1077 1713 1120 1749 et
1146 1710 1307 1749 ludibrii
1337 1711 1468 1764 gratia

112 1764 156 1804 in
194 1763 371 1804 medium
411 1765 550 1805 afferri
586 1766 894 1819 haudquaquam
937 1767 1110 1816 sentiat,
1151 1768 1233 1807 imo
1259 1767 1351 1809 illas
1379 1768 1466 1808 Eu-

111 1822 341 1875 thyphroni
376 1823 458 1862 vati
495 1826 565 1863 aut
610 1824 681 1863 alii
722 1823 879 1864 cuidam
910 1823 1148 1865 Heracliteo
1175 1830 1367 1878 acceptas
1395 1839 1467 1865 re-

114 1878 222 1919 ferri
256 1891 412 1919 summa
439 1890 532 1920 cum
560 1882 797 1921 temeritate
834 1882 990 1923 credat.
1048 1881 1162 1923 Talis
1190 1883 1316 1936 igitur
1345 1896 1467 1935 quum

113 1936 240 1977 homo
266 1936 546 1986 describatur,
587 1938 774 1990 equidem
802 1950 884 1979 non
912 1939 1056 1989 miror,
1093 1939 1199 1993 quod
1229 1940 1344 1980 Plato
1375 1953 1467 1981 eum

114 1994 259 2035 habuit
295 1994 490 2046 ludibrio,
534 1997 614 2035 etsi
652 1996 749 2037 olim
786 1997 873 2036 eius
901 1997 1156 2039 institutione
1186 2002 1229 2037 et
1258 1998 1467 2038 familiari-

114 2047 205 2095 tute
241 2065 340 2092 usus
380 2057 482 2095 erat.
551 2052 759 2094 Videlicet
795 2054 969 2095 hominis
1009 2055 1213 2108 ingenium
1247 2056 1350 2096 adeo
1387 2055 1470 2096 fuit

112 2109 290 2164 pingue,
319 2113 367 2150 ut
395 2110 466 2162 qui
498 2117 614 2150 esset
642 2113 773 2152 auimo
805 2116 849 2151 et
877 2116 1016 2153 mente
1044 2115 1271 2162 erectiore,
1313 2114 1348 2153 is
1379 2114 1468 2153 eius

111 2167 292 2208 amicitia
320 2167 518 2208 oblectari
554 2181 634 2209 non
673 2169 886 2210 admodum
925 2173 1122 2223 potuerit.
1181 2171 1262 2210 Iam
1297 2183 1393 2210 vero
1433 2172 1470 2211 si

111 2237 313 2279 quaeras,
352 2238 425 2264 cur
461 2224 579 2266 Plato
616 2226 845 2267 facie-ndum
884 2230 1110 2280 putaverit,
1148 2233 1193 2268 ut
1233 2229 1271 2268 ei
1301 2229 1468 2281 potissi—

114 2295 227 2324 mum
253 2282 558 2324 interlocutoris
578 2289 718 2338 partes
748 2285 790 2324 iu
818 2285 897 2324 hoc
914 2285 1019 2324 libro
1042 2286 1316 2337 demandaret,
1348 2299 1469 2338 quem

78 2350 80 2352 ·
110 2354 260 2382 vomues
287 2339 496 2383 novissent
522 2343 603 2395 ipsi
640 2344 815 2398 primum
847 2341 1047 2385 Heracliti
1085 2344 1310 2384 doctrinam
1341 2345 1468 2384 tradi-

117 2399 252 2448 disse,
290 2397 423 2438 habeo
460 2412 558 2439 sane
593 2401 699 2452 quod
738 2401 1020 2451 respondeam.
1087 2402 1253 2444 Etenim
1290 2401 1372 2441 fuit
1400 2403 1468 2441 hic

110 2457 247 2504 -liber,
277 2457 356 2497 nisi
386 2455 532 2504 fallor,
572 2459 748 2497 omnium
786 2458 965 2510 primus,
1004 2460 1045 2501 in
1075 2472 1155 2512 quo
1182 2458 1467 2511 philosophus,

109 2518 310 2568 quant-um
348 2526 372 2553 a
399 2514 558 2554 ratione
595 2515 926 2558 Heracliteorum
960 2521 1004 2556 et
1030 2517 1468 2570 Protagoreorumre-

117 2572 302 2618 cederet,
334 2571 466 2623 palam
489 2571 720 2612 declaravit.
780 2574 981 2624 Quocirca
1002 2575 1179 2627 eleganti
1203 2575 1350 2614 iudicio
1380 2587 1467 2613 rem

119 2631 181 2671 sio
200 2629 393 2678 instituit,
422 2634 466 2668 ut
482 2629 704 2683 cratylum,
734 2632 921 2683 primum,
941 2645 1019 2684 quo
1039 2646 1136 2671 usus
1159 2635 1259 2680 erat,
1278 2632 1317 2669 iu
1336 2630 1467 2670 Hera-

121 2687 208 2727 cliti
230 2686 411 2726 doctrina
428 2688 679 2739 magistrum,
708 2689 940 2740 loquentem
957 2690 1235 2730 introduceret
1257 2690 1374 2740 eique
1393 2701 1468 2740 per

121 2743 333 2784 Socratem
350 2745 582 2796 ‘significari
607 2745 781 2795 iuberet,
811 2752 1001 2799 quantum
1028 2749 1156 2799 ipsius
1188 2746 1238 2784 de
1267 2759 1402 2786 rerum
1430 2748 1466 2785 vi

121 2806 166 2843 et
193 2805 334 2843 natura
360 2802 550 2844 iudicium
579 2815 603 2843 a
631 2803 809 2845 decretis
841 2803 1168 2845 Heracliteorum
1199 2804 1465 2854 discreparet.
